2548 4218
2053 289 2153 336 265

286 432 504 495 scivisse,
541 431 590 479 id
629 427 830 494 quoque
868 429 1215 491 statuendum,
1261 431 1437 492 postea
1475 443 1573 477 non
1614 429 1825 490 amplius
1864 427 1925 477 de
1966 429 2161 476 calami-

288 518 404 565 tatis
441 519 645 565 auctore
686 516 990 579 disputatum
1020 530 1143 574 esse,
1183 515 1250 563 ita
1278 517 1333 562 ut
1358 513 1749 575 fundamentum,
1789 529 1886 576 quo
1914 514 2162 562 nitebatur

287 601 590 651 Kalkmanni
645 602 951 664 coniectura,
1002 601 1217 649 deletum
1271 599 1346 648 sit.
1420 599 1572 647 Immo
1622 614 1714 661 ego
1761 602 1966 647 mortem
2006 598 2160 647 Phae-

287 687 407 737 drae
445 703 508 736 ne
553 686 664 738 fuse
704 687 903 750 quidem
943 689 1195 736 narratam
1238 701 1357 747 esse,
1396 685 1581 748 quippe
1625 700 1815 733 summa
1841 683 2040 732 fabulae
2067 685 2160 732 iam

287 776 520 835 peracta,
577 771 664 821 sed
714 772 935 822 breviter
986 775 1177 820 tantum
1228 770 1670 820 exclamationibus
1721 769 1985 817 indicatam
2025 773 2164 832 puto.

287 857 459 919 Itaque
498 857 556 920 si,
595 872 695 919 quo
735 857 842 906 loco
883 857 1066 920 optime
1105 855 1247 919 pueri
1285 854 1536 904 inserendi
1574 855 1686 917 sint,
1726 853 2162 916 circumspicimus,

288 957 381 1004 ego
444 958 544 992 non
602 943 744 991 aliam
801 941 946 991 video
997 943 1261 1004 rationem,
1316 941 1409 990 nisi
1460 944 1515 989 ut
1564 940 1613 989 in
1666 940 1748 987 illa
1805 955 2008 1002 scaena,
2065 955 2162 1001 qua

285 1027 515 1077 Phaedra
566 1027 807 1090 languida
859 1028 907 1076 in
940 1028 1143 1076 'lectulo
1189 1026 1434 1075 recubans
1473 1042 1502 1074 a
1539 1025 1818 1074 famulabus
1858 1023 2164 1073 circumdata

286 1113 582 1176 ostenditur,
638 1127 723 1161 eos
775 1129 804 1160 a
854 1113 1049 1161 nutrice
1101 1113 1181 1161 vel
1232 1112 1325 1160 alio
1378 1116 1547 1160 actore
1601 1111 1867 1159 arcessitos
1917 1113 2164 1173 putemuS,

289 1214 499 1262 quorum
539 1203 745 1262 aspectu
773 1199 1052 1262 miseraque
1081 1197 1377 1247 condicione
1405 1197 1636 1246 Phaedra
1662 1196 1725 1244 ad
1754 1211 1921 1244 sanam
1951 1198 2161 1244 mentem

286 1286 565 1333 revocetur.
631 1285 1035 1333 Demonstratum
1078 1285 1204 1332 enim
1248 1287 1322 1332 est
1360 1281 1442 1343 (cf.
1470 1282 1768 1331 Kalkmann.
1808 1298 1855 1345 p.
1879 1280 1965 1340 27)
2006 1281 2164 1329 Phae-

287 1369 407 1418 drae
458 1373 508 1418 et
558 1369 765 1418 nutricis
817 1384 980 1418 mores
1032 1370 1080 1417 in
1135 1370 1298 1432 priore
1344 1367 1512 1416 fabula
1550 1367 1655 1416 fere
1694 1367 1973 1416 contrarios
2013 1369 2163 1430 atque

286 1456 337 1503 in
375 1456 537 1504 altera
574 1455 738 1514 fuisse,
791 1471 969 1518 nempe
1010 1454 1288 1503 Phaedram
1338 1454 1462 1502 adeo
1502 1469 1694 1502 omnem
1736 1452 1979 1515 pudorem
2019 1451 2162 1501 deco-

287 1556 493 1604 remque
547 1542 839 1605 neglexisse,
891 1546 946 1589 ut
984 1540 1166 1589 nutrici
1217 1556 1362 1603 quam
1415 1540 1625 1587 maxime
1677 1537 1976 1587 delenienda
2014 1542 2063 1586 et
2099 1537 2162 1585 ad

288 1627 596 1676 honestatem
650 1626 940 1675 reducenda
992 1630 1135 1674 esset.
1209 1625 1301 1673 Illa
1352 1629 1514 1673 autem
1567 1623 1791 1688 putanda
1845 1627 1920 1671 est
1965 1623 2165 1682 liberos,

287 1713 475 1776 quippe
514 1727 639 1775 quos
679 1715 886 1775 propter
912 1712 1094 1760 Thesei
1135 1711 1297 1760 odium
1334 1710 1471 1773 ipsos
1510 1725 1711 1773 quoque
1749 1706 2164 1772 aspernaretur,ยน)

288 1799 525 1847 acerrime
562 1798 856 1861 reppulisse,
896 1798 963 1845 ita
1002 1800 1056 1845 ut
1093 1798 1226 1845 servi
1266 1811 1351 1845 eos
1389 1812 1418 1844 a
1445 1796 1616 1844 matris
1655 1796 1862 1844 saevitia
1888 1798 2164 1843 tuerentur.

289 1881 558 1947 [Agnoscis
597 1900 707 1932 cum
735 1882 913 1933 Medea
953 1882 1338 1940 similitudinem,
1379 1881 1656 1930 cf.Wilam.
1685 1882 1834 1943 Hipp.
1862 1897 1908 1943 p.
1929 1877 2032 1940 44].
2088 1881 2165 1928 Ita

288 1969 422 2017 illam
463 1969 886 2032 sarcophagorum
926 1984 1156 2018 scaenam
1198 1969 1521 2030 interpretor3
1578 1983 1687 2015 nam
1729 1981 1923 2014 servam
1963 1969 2010 2014 et
2048 1981 2164 2029 pae-

290 2055 536 2118 dagogum
590 2070 700 2103 cum
740 2055 938 2104 Theseo
988 2055 1037 2102 in
1078 2053 1254 2102 dextra
1293 2058 1436 2116 parte
1474 2052 1681 2101 sedente
1722 2053 2025 2115 coniungere
2063 2066 2163 2099 non

287 2141 416 2204 licet,
456 2142 572 2204 quia
612 2142 660 2188 in
702 2141 781 2189 illo
822 2140 1246 2203 sarcophagorum
1283 2154 1482 2202 genere,
1520 2142 1575 2186 ut
1604 2138 1853 2187 Robertus
1880 2153 1957 2185 me
1984 2137 2166 2199 docuit,

287 2225 478 2290 figurae
533 2226 637 2275 fere
687 2230 871 2276 temere
925 2227 1226 2288 compositae
1266 2229 1395 2274 sunt.
1472 2225 1608 2273 Illius
1648 2239 1858 2272 scaenae
1898 2223 2162 2286 vestigium

291 2312 438 2361 etiam
478 2312 528 2360 in
569 2314 767 2361 servata
806 2311 976 2360 fabula
1015 2312 1362 2375 cognoscimus
1402 2326 1459 2359 eo
1494 2310 1620 2373 loco,
1659 2326 1758 2372 quo
1785 2308 2018 2357 Phaedra
2043 2324 2163 2356 vero

291 2398 614 2446 humanitatis
664 2397 828 2446 studio
881 2398 1025 2461 quasi
1076 2412 1127 2446 se
1178 2398 1286 2460 ipsa
1337 2396 1399 2445 de
1451 2397 1553 2444 suis
1613 2411 1734 2459 erga
1791 2395 2055 2456 coniugem
2114 2397 2163 2442 et

288 2483 472 2532 liberos
523 2483 697 2532 officiis
749 2484 980 2548 hortatur
1019 2482 1141 2544 (419
1164 2481 1308 2546 sqq.).
1383 2481 1570 2531 Eadem
1626 2482 1816 2529 ratione
1855 2480 1995 2528 liberi
2036 2495 2164 2528 com-

290 2571 625 2617 memorantur
675 2569 723 2617 in
774 2568 996 2618 Senecae
1043 2568 1277 2617 Phaedra
1316 2566 1456 2632 (434,
1495 2569 1611 2625 631,
1651 2563 1789 2625 869).
1863 2567 1965 2613 Iam
2016 2564 2163 2613 intel-

290 2654 515 2717 legimus,
571 2669 659 2703 cur
711 2670 772 2703 ex
825 2656 983 2703 altera
1021 2654 1297 2718 Hippolyto
1348 2668 1531 2716 pueros
1570 2651 1835 2716 Euripides
1881 2651 2166 2713 removerit,

290 2755 357 2789 sc.
397 2741 512 2804 quia
550 2739 813 2789 Phaedrae
864 2739 1085 2789 moribus
1135 2741 1202 2788 ita
1252 2739 1564 2788 commutatis
1610 2737 1968 2800 supervacanei
2007 2740 2165 2785 erant.

290 2828 452 2875 Duos
489 2842 675 2888 pueros
713 2830 835 2890 puto
875 2827 923 2875 in
964 2841 1192 2875 scaenam
1223 2824 1481 2889 prodiisse,
1521 2825 1652 2887 quia,
1692 2823 1882 2872 etiamsi
1909 2837 2001 2884 pro
2029 2836 2164 2870 more

290 2911 594 2974 tragicorum
635 2911 834 2960 nomina
884 2911 941 2959 iis
980 2926 1078 2959 non
1119 2911 1363 2973 imposuit,
1415 2913 1611 2971 poetam
1653 2907 1714 2956 ad
1754 2908 2074 2957 Acamantem
2115 2910 2164 2954 et

291 2997 688 3061 Demophontem
739 2998 1022 3061 respexisse
1074 2997 1312 3059 suspicor.
1387 2995 1616 3044 Ceterum
1671 2995 1969 3057 plerumque
2021 2993 2163 3040 binos

290 3097 476 3146 pueros
514 3082 707 3132 inducit
732 3082 998 3146 Euripides
1036 3086 1085 3131 et
1124 3081 1337 3130 eundem
1374 3095 1630 3129 numerum
1661 3077 1870 3128 Ovidius
1898 3082 1946 3127 et
1971 3078 2162 3128 Seneca

293 3167 547 3217 exhibent.

434 3254 490 3303 In
533 3248 685 3303 lnone
722 3269 907 3318 pueros
946 3254 996 3302 in
1049 3268 1228 3302 scaena
1279 3252 1432 3300 fuisse
1484 3251 1663 3313 colligo
1710 3266 1771 3300 ex
1817 3253 1923 3299 tota
1962 3249 2161 3298 fabulae

293 3342 487 3398 natura,
516 3341 659 3389 cuius
685 3343 1030 3402 argumentum
1059 3339 1203 3387 nobis
1229 3325 1479 3386 servatum
1509 3339 1585 3384 est
1612 3337 1673 3384 ab
1700 3336 1904 3398 Hygino
1926 3332 2161 3395 (fab.IV).

292 3424 520 3488 Namque
579 3440 764 3488 pueros
819 3425 950 3487 illos,
1014 3439 1224 3487 quorum
1281 3422 1414 3471 salus
1470 3437 1499 3469 a
1555 3421 1795 3470 matribus
1849 3420 2052 3468 aemulis
2109 3419 2160 3466 in

436 3606 468 3657 ยน)
498 3603 600 3648 Hoc
629 3603 819 3649 Ovidius
850 3603 1067 3659 servavit,
1097 3602 1242 3658 Epist.
1264 3585 1346 3658 IV,
1371 3605 1450 3646 123
1469 3614 1575 3658 sqq.
