2548 4218
409 292 508 340 222

407 431 587 480 tandae
627 432 744 493 sint,
783 447 936 494 puero
977 434 1062 480 aut
1101 432 1194 494 ipsi
1234 434 1516 497 eccyclema
1553 434 1924 486 ascendendum
1964 442 2052 501 est,
2089 441 2175 486 aut
2214 438 2275 486 ab

407 517 504 565 alio
556 517 724 579 aliquo
775 517 980 565 tollatur
1026 532 1231 566 necesse
1271 522 1356 566 est.
1432 519 1544 567 Non
1584 522 1682 567 tam
1722 521 1904 571 humile
1942 524 2037 572 hac
2075 522 2275 586 quidem

406 604 453 651 in
505 602 763 664 tragoedia
811 601 965 651 fuisse
1013 602 1138 651 illud
1190 604 1498 666 vehiculum,
1547 608 1601 653 ut
1651 619 1748 654 non
1800 623 1926 670 puer
1975 624 2033 658 eo
2073 608 2277 658 deberet

406 688 582 747 attolli,
638 688 721 735 vel
771 687 886 736 inde
938 686 993 735 fit
1041 688 1322 751 probabile,
1374 689 1508 752 quod
1561 691 1816 753 perhanc
1853 691 2069 755 fabulam
2111 710 2274 756 neque

405 789 466 821 ex
505 774 841 836 eccyclemate
882 774 927 821 in
971 774 1273 823 orchestram
1314 773 1650 836 descenditur,
1689 792 1851 839 neque
1890 779 2176 828 ascenditur
2214 795 2275 829 ex

405 860 664 908 orchestra
703 859 750 907 in
786 859 1088 921 eccyzclema
1112 858 1147 918 ¹)
1185 857 1316 908 Aiax
1343 860 1594 909 invehitur
1621 861 1757 910 solus
1785 879 1827 911 v.
1849 865 1973 927 5955
2009 864 2277 914 Tecmessa

405 944 534 992 redit
590 945 637 992 in
697 945 961 992 tentorium
1022 960 1065 991 v.
1124 944 1320 993 demum
1380 947 1503 1007 685,
1561 962 1660 1009 quo
1718 948 1810 995 iam
1869 949 2145 998 revolutum
2202 952 2278 999 cst

404 1030 697 1092 eccyclema.
773 1030 999 1078 Demitur
1036 1045 1162 1092 puer
1202 1030 1262 1078 de
1289 1031 1622 1092 eccyclemate
1650 1048 1694 1079 v.
1722 1036 1825 1083 578
1853 1049 1981 1097 sqq.;
2020 1034 2069 1082 in
2096 1050 2276 1084 scaena

403 1118 568 1163 manet
619 1114 829 1163 fortasse
882 1130 990 1163 cum
1044 1118 1202 1163 matre
1240 1131 1397 1178 usque
1437 1117 1498 1165 ad
1537 1133 1583 1165 v.
1613 1120 1735 1177 685,
1787 1134 1886 1181 quo
1925 1120 2189 1168 Tecmessa
2226 1121 2274 1168 in

401 1202 669 1250 tentorium
722 1201 784 1249 ab
822 1201 976 1249 Aiace
1028 1202 1252 1249 mittitur.
1341 1203 1522 1251 Iterum
1576 1219 1699 1264 puer
1746 1220 1855 1253 cum
1907 1210 2062 1254 matre
2106 1206 2278 1255 introit

402 1303 631 1336 scaenam
691 1303 734 1333 v.
777 1289 934 1349 1168,
992 1290 1257 1349 manetque
1313 1287 1375 1335 ad
1429 1287 1590 1337 finem.
1677 1290 1809 1350 Quin
1861 1292 2006 1340 etiam
2057 1291 2275 1355 paullum

402 1389 551 1436 agere
602 1372 899 1435 cogitandus
946 1377 1041 1435 est,
1091 1373 1281 1422 scilicet
1317 1373 1514 1423 Teucer
1553 1390 1661 1423 eum
1702 1377 1976 1439 supplicem
2017 1377 2079 1424 ad
2118 1380 2278 1441 patris

403 1457 580 1507 mortui
611 1473 792 1520 corpus
820 1458 1033 1506 collocat
1059 1458 1267 1522 capillos
1294 1458 1439 1506 trium
1469 1459 1746 1522 supplicum
1774 1460 2001 1510 manibus
2026 1466 2275 1511 tenentem

402 1543 560 1604 (1171
603 1542 745 1607 sqq.).
838 1545 1174 1606 Postremum,
1237 1560 1347 1592 cum
1399 1546 1554 1607 patris
1606 1560 1788 1608 corpus
1837 1545 2114 1606 auferatur,
2170 1549 2276 1611 ipse

401 1645 603 1693 quoque
643 1632 834 1692 patrem
873 1632 1087 1692 tangens
1126 1631 1323 1693 pietatis
1362 1630 1576 1680 officium
1616 1635 1853 1694 praestat.

541 1716 596 1763 In
637 1708 807 1779 Oedipi
848 1711 984 1779 regis
1021 1715 1157 1764 initio
1193 1716 1466 1779 Sophocles
1507 1733 1734 1780 magnam
1773 1732 2040 1780 puerorum
2079 1716 2273 1767 turbam

399 1801 603 1864 prodire
641 1802 805 1861 iussit,
853 1816 978 1864 quos
1018 1801 1251 1850 sacerdos
1291 1802 1564 1865 supplices,
1604 1807 1659 1851 ut
1696 1817 1860 1865 regem
1902 1803 1963 1852 de
2001 1804 2276 1855 avertenda

398 1890 536 1949 peste
575 1886 1032 1951 interpellarentur,
1069 1890 1184 1936 ante
1223 1903 1387 1936 arcem
1427 1889 1614 1950 regiam
1655 1887 1808 1937 duxit.
1869 1889 1926 1937 In
1967 1890 2066 1937 aris
2100 1889 2276 1939 sedent

401 1971 526 2036 (16),
565 1973 790 2022 nimirum
833 1988 997 2021 ramos
1027 1974 1142 2021 lana
1169 1973 1430 2021 obvolutos
1457 1973 1682 2022 manibus
1708 1976 1950 2022 tenentes.
2012 1975 2278 2024 Decedunt

401 2074 509 2107 cum
551 2059 812 2108 sacerdote
850 2075 895 2108 v.
924 2062 1039 2109 150.
1078 2084 1145 2090 --
1185 2060 1456 2108 Praeterea
1492 2059 1540 2107 in
1582 2058 1679 2107 fine
1719 2058 1920 2108 fabulae
1957 2060 2006 2108 in
2045 2075 2275 2109 scaenam

398 2144 652 2207 prodeunt
690 2145 819 2194 duae
855 2143 1128 2208 Oedipodis
1165 2144 1356 2203 filiolae,
1397 2160 1537 2207 quaa,
1576 2145 1768 2193 etiamsi
1807 2160 1905 2194 non
1945 2147 2278 2210 nominantur,

399 2231 702 2294 Antigonam
756 2234 804 2279 et
841 2231 1082 2279 Ismenam
1136 2245 1243 2279 esse
1293 2245 1390 2279 non
1442 2229 1567 2279 falso
1617 2231 1916 2294 putabimus.
1990 2232 2276 2281 Accurrunt

397 2313 578 2376 (1471)
617 2332 646 2364 a
674 2316 887 2366 Creonte
928 2319 1180 2379 evocatae,
1218 2320 1362 2379 pater
1400 2331 1484 2364 eas
1524 2316 1752 2365 manibus
1789 2317 1949 2379 tangit
1987 2323 2136 2380 atque
2163 2333 2272 2381 per—

398 2402 577 2450 mulcet
634 2401 815 2460 (1468,
874 2399 1046 2460 1481).
1142 2403 1195 2450 In
1254 2400 1350 2449 fine
1406 2400 1601 2450 fabulae
1653 2401 1715 2450 de
1771 2417 1954 2450 scaena
2006 2401 2272 2452 decedunt.

398 2489 565 2536 Mutae
593 2491 720 2546 sunt,
747 2489 876 2535 sicut
902 2489 1101 2536 omnino
1128 2487 1270 2550 pueri
1298 2501 1424 2550 quos
1451 2488 1679 2535 novimus
1707 2487 1994 2550 Sophoclei3
2029 2503 2274 2552 pueros,

398 2589 495 2621 non
536 2573 796 2636 puellaS,
848 2589 1016 2622 eorum
1059 2587 1298 2635 personas
1335 2571 1580 2635 induisse,
1619 2588 1680 2621 ex
1720 2573 1943 2622 sollemni
1983 2573 2272 2637 tragoediae

398 2674 532 2708 more
570 2659 806 2722 sequitur.

539 2903 874 2951 Transeamus
925 2917 1060 2950 nunc
1108 2902 1170 2950 ad
1224 2901 1597 2964 Euripidem,
1647 2901 1784 2950 cuius
1834 2901 1882 2949 in
1935 2901 2112 2950 fabulis
2158 2917 2272 2964 per-

398 2988 656 3036 censendis
694 3004 804 3036 eum
844 2991 1122 3051 temporum
1162 2987 1385 3036 ordinem
1426 3001 1630 3050 sequar,
1676 3002 1821 3050 quem
1864 2987 2272 3036 Wilamowitzius

399 3074 447 3121 in
488 3074 741 3122 Analectis
780 3073 1063 3137 Euripideis
1101 3077 1151 3122 et
1189 3075 1236 3121 in
1275 3073 1491 3122 Hercule
1531 3088 1620 3122 suo
1660 3077 1708 3121 et
1744 3073 2033 3122 testimoniis
2070 3078 2118 3122 et
2155 3089 2271 3122 con·

399 3159 594 3207 iecturis
631 3160 776 3207 nixus
816 3159 1086 3208 constituit.

541 3245 641 3292 Iam
682 3244 731 3292 in
773 3246 1117 3307 antiquissima
1155 3260 1301 3307 quam
1342 3244 1581 3293 habemus
1615 3244 1796 3307 fabula,
1834 3238 2098 3305 Alcestide,
2135 3244 2270 3293 vide-

400 3344 506 3378 mus
559 3329 684 3379 duos
735 3346 916 3393 pueros
961 3330 1287 3394 prodeunteS,
1337 3330 1535 3379 filiolum
1585 3330 1695 3379 dico
1734 3328 2034 3393 filiolamque
2075 3329 2269 3378 Admeti

541 3469 574 3518 ¹)
607 3466 778 3511 Contra
807 3466 1039 3510 Robertus
1078 3467 1252 3523 (Herm.
1273 3465 1452 3522 XXXI,
1483 3479 1526 3522 p.
1552 3466 1648 3521 537)
1690 3469 1820 3522 putat
1860 3465 2119 3523 eccyclema
2158 3478 2269 3509 sane

397 3536 564 3581 humile
604 3536 761 3582 fuisse.
822 3537 915 3582 Sed
952 3539 1146 3583 dubitari
1185 3542 1363 3595 potest,
1404 3551 1510 3582 num
1551 3538 1712 3583 eadem
1744 3538 1956 3582 omnibus
1986 3537 2268 3593 temporibus

397 3608 544 3653 forma
574 3608 893 3667 eccyclematis
925 3608 1072 3655 fuerit.
