2548 4218
472 256 575 302 294

470 397 744 442 mutuatum
799 405 935 455 esse,
990 391 1175 455 quippe
1227 391 1312 454 qui
1363 390 1561 439 omnino
1612 405 1733 439 sane
1786 390 2037 440 sollertem
2089 405 2350 440 causarum

471 477 741 527 forensium
770 477 1062 526 imitatorem
1093 491 1146 525 se
1172 473 1508 540 praestaret.¹)
1538 500 1606 507 —
1633 476 1733 524 Iam
1773 475 1848 524 his
1886 475 2036 525 rebus
2075 477 2351 539 perspectis

472 564 590 612 satis
617 562 880 626 probatum
908 561 1024 610 mihi
1052 561 1266 624 videtur,
1303 575 1571 624 puerorum
1602 561 1651 610 in
1690 575 1874 610 scaena
1911 563 2094 624 parteS,
2132 577 2347 625 quarum

469 649 566 696 vim
619 651 669 696 et
716 651 944 696 naturam
1004 662 1166 696 novae
1222 647 1354 695 illius
1394 645 1695 709 Euripideae
1751 646 1872 694 artis
1926 645 2080 694 indoli
2120 647 2344 710 apprime

470 732 742 782 convenire
789 732 1178 795 ostenderimus,
1228 746 1406 781 revera
1447 730 1670 794 Euripidi
1728 731 1819 794 ipsi
1871 729 2054 780 deberi.
2139 730 2350 780 Accedit

469 817 604 882 quod
645 818 726 866 ille
760 817 1039 880 largissime
1079 818 1249 881 pueris
1278 831 1399 865 usus
1438 819 1526 879 est,
1565 819 1614 865 et
1641 818 1830 866 aetates
1858 817 2022 879 poesis
2048 816 2348 880 Euripideae

470 906 758 967 congruunt
817 919 926 952 cum
980 903 1037 951 iis
1086 903 1358 965 aetatibus,
1423 917 1547 965 quas
1595 902 1645 950 in
1699 917 1790 950 usu
1841 917 2108 966 puerorum
2150 903 2348 951 omnino

469 988 852 1053 distinguendas
903 989 1182 1038 statuimus.
1227 1013 1301 1021 --
1340 987 1431 1036 Vel
1482 986 1599 1036 inde
1649 1002 1704 1036 re
1751 1002 1850 1036 non
1890 987 2148 1050 explorata
2186 987 2350 1051 colligi

470 1078 636 1138 potest
675 1074 993 1137 Aeschylum,
1044 1078 1098 1123 ut
1149 1074 1234 1137 qui
1285 1073 1390 1122 fere
1443 1073 1718 1121 contrarias
1768 1075 2064 1136 sequeretur
2115 1073 2350 1138 rationes,

469 1176 566 1210 non
609 1159 868 1209 admisisse
906 1166 1092 1223 pueros
1130 1159 1338 1208 scaenis,
1411 1159 1520 1207 Hac
1557 1157 1665 1221 ipsa
1705 1157 1767 1207 de
1806 1173 1972 1222 causa,
2010 1162 2065 1206 ut
2103 1158 2349 1207 Robertus

471 1261 546 1295 me
568 1245 750 1304 docuit,
779 1247 957 1294 contra
976 1245 1175 1294 fabulae
1198 1244 1484 1293 memoriam
1512 1243 1561 1291 in
1586 1245 1957 1306 Agamemnone
1980 1236 2082 1302 (vv.
2099 1246 2199 1293 877
2221 1245 2347 1306 sqq.)

470 1330 697 1380 Orestem
729 1331 990 1394 parvulum
1020 1346 1049 1379 a
1077 1330 1440 1393 Clytaemestra
1467 1330 1515 1377 in
1543 1328 1767 1377 Phocida
1805 1329 2007 1377 missum
2048 1343 2153 1378 esse
2192 1327 2350 1392 finxit,

470 1417 711 1480 quamviS,
751 1417 792 1464 si
833 1431 942 1465 eum
981 1415 1274 1477 induxisset,
1325 1414 1527 1477 egregia
1565 1412 1630 1462 ad
1671 1413 1890 1462 futurum
1931 1413 2036 1462 eius
2075 1412 2346 1462 ulciscendi

469 1501 688 1551 officium
745 1502 1045 1565 respiciendi
1097 1502 1294 1550 occasio
1347 1515 1400 1548 se
1455 1494 1731 1549 obtulisset.
1819 1497 2117 1562 Sophoclem
2166 1502 2350 1558 autem,

469 1603 616 1651 quem
667 1602 844 1637 securo
898 1587 1056 1651 magis
1108 1591 1156 1635 et
1206 1586 1349 1635 hilari
1388 1585 1551 1634 animo
1590 1584 1747 1633 fuisse
1787 1588 2032 1647 putamus,
2083 1599 2181 1633 non
2220 1583 2347 1633 adeo

469 1674 612 1722 novis
675 1673 808 1722 illius
862 1673 1041 1722 aetatis
1098 1672 1383 1721 turbinibus
1442 1674 1724 1734 correptum
1782 1673 2182 1733 commotumque
2239 1684 2346 1719 esse

469 1762 858 1808 consentaneum
912 1762 1011 1818 est,
1061 1761 1116 1807 ut
1168 1760 1323 1806 artem
1377 1772 1513 1806 suam
1555 1757 1707 1820 plane
1745 1755 1805 1804 ad
1847 1756 1954 1804 eius
1992 1754 2229 1804 iudicium
2267 1770 2344 1803 ac-

467 1844 827 1894 commodatam
879 1843 1271 1893 transformaret.
1347 1843 1536 1907 Itaque,
1585 1845 1641 1891 ut
1689 1842 1738 1889 in
1789 1841 1898 1890 aliis
1945 1855 2145 1904 quoque
2195 1840 2346 1889 rebus

466 1929 759 1994 Euripidem
811 1930 1032 1978 imitatus
1083 1933 1172 1992 est,
1221 1928 1316 1977 hoc
1365 1927 1626 1976 artificium
1676 1941 1775 1975 non
1829 1927 1979 1990 plane
2033 1925 2348 1989 contempsit,

468 2016 555 2065 sed
607 2015 800 2065 modice
851 2018 1016 2063 tamen
1069 2015 1171 2063 suis
1221 2013 1400 2062 fabulis
1451 2012 1717 2061 adhibuit.-
1764 2012 1868 2060 Iam
1921 2011 1963 2059 si
2013 2011 2106 2060 hoc
2145 2009 2346 2060 demon·

467 2103 673 2150 stratum
715 2104 804 2160 est,
843 2114 927 2149 eas
952 2099 1149 2148 fabulas
1176 2098 1491 2161 SophocleaS,
1531 2113 1660 2161 quae
1686 2111 1958 2161 puerorum
1997 2098 2166 2159 partes
2203 2111 2345 2158 prae·

466 2187 599 2250 bent,
637 2191 752 2250 post
789 2201 971 2235 annum
999 2188 1103 2236 438
1139 2185 1313 2234 doctas
1353 2199 1460 2233 esse
1499 2186 1725 2248 apparet,
1764 2198 1862 2246 quo
1901 2181 2005 2232 fere
2044 2197 2175 2230 anno
2205 2181 2345 2230 Euri-

465 2273 628 2336 pidem
669 2272 854 2335 primos
893 2286 1076 2335 pueros
1114 2270 1372 2321 induxisse
1411 2269 1639 2318 vidimus.

611 2358 756 2408 Unde
807 2373 1078 2421 puerorum
1131 2358 1180 2405 in
1232 2355 1490 2405 comoedia
1541 2358 1707 2417 partes
1755 2352 2010 2417 profectae
2061 2353 2182 2416 sint,
2243 2368 2342 2402 non

467 2450 567 2493 tam
607 2445 750 2493 facile
790 2445 1007 2507 perspici
1047 2446 1228 2508 potest,
1267 2443 1502 2507 quoniam
1542 2447 1656 2491 ante
1696 2456 1880 2490 annum
1920 2442 2022 2490 425
2063 2439 2346 2490 testimonia

468 2548 566 2580 non
606 2531 862 2580 habemus,
938 2531 1129 2579 Tamen
1183 2530 1276 2579 hoc
1316 2529 1460 2577 velim
1501 2527 1752 2590 respicias,
1795 2525 1971 2575 iisdem
2023 2526 2346 2589 temporibus,

467 2618 648 2680 quibus
688 2617 821 2680 apud
861 2616 1170 2680 Euripidem,
1224 2616 1275 2663 in
1329 2614 1583 2663 comoedia
1633 2628 1831 2676 quoque
1869 2627 2053 2676 pueros
2090 2612 2142 2660 in
2180 2612 2344 2675 gratia

467 2708 517 2753 et
554 2704 745 2753 honore
785 2718 914 2764 esse,
952 2702 1128 2751 iisdem
1167 2717 1348 2751 scaena
1386 2701 1570 2756 arceri;
1610 2705 1877 2764 praeterea
1914 2699 2121 2749 eandem
2159 2713 2344 2763 pueros

467 2789 738 2838 inducendi
770 2791 1010 2838 rationem
1052 2804 1200 2852 quam
1227 2789 1276 2836 in
1306 2787 1566 2851 tragoedia
1605 2801 2015 2849 cognoveramus,
2053 2801 2120 2834 sc.
2159 2784 2341 2834 miseri·

468 2876 668 2925 cordiae
707 2877 1001 2940 movendae,
1043 2877 1188 2925 etiam
1227 2875 1614 2939 Aristophanem
1653 2889 1742 2923 suo
1782 2889 1919 2922 more
1958 2872 2114 2936 sequi,
2162 2887 2342 2934 nempe

466 2967 520 3011 ut
559 2978 742 3026 pueros
793 2963 1008 3027 tragicos
1048 2962 1228 3017 rideat;
1284 2962 1501 3025 denique
1539 2960 1923 3024 Aristophanem
1970 2974 2103 3007 anno
2142 2957 2341 3006 demum

466 3052 584 3112 427,
636 3066 732 3113 quo
781 3053 1006 3112 tempore
1057 3050 1106 3098 in
1146 3049 1339 3113 tragica
1376 3063 1559 3097 scaena
1595 3048 1691 3095 iam
1735 3046 1817 3095 diu
1866 3060 2133 3109 puerorum
2173 3047 2342 3107 partes

466 3138 717 3201 vigebant,
757 3139 981 3200 coepisse
1020 3137 1302 3186 comoedias
1342 3136 1574 3185 scribere.
1650 3135 1790 3196 Quae
1831 3149 1941 3183 cum
1981 3134 2050 3182 ita
2087 3133 2199 3192 sint,
2240 3149 2339 3182 non

466 3224 631 3286 inepte
697 3223 1065 3287 suspicabimur
1138 3223 1247 3272 illos
1307 3222 1519 3272 comicos
1572 3236 1756 3285 pueros
1809 3236 1869 3269 ex
1923 3235 2060 3269 mera
2118 3219 2339 3282 tragicae

467 3326 678 3360 scaenae
717 3311 988 3359 imitatione
1026 3309 1281 3373 profectos
1321 3323 1442 3358 esse.

610 3450 640 3505 ¹)
673 3448 888 3494 Similiter
915 3461 1010 3492 rem
1032 3447 1249 3503 exposuit
1269 3447 1318 3491 Ο.
1342 3445 1544 3500 Mueller,
1575 3445 1694 3490 Hist.
1715 3445 1820 3489 Litt.
1844 3444 1899 3500 1⁴,
1919 3457 1963 3499 p.
1986 3447 2082 3488 593.
