2548 4218
400 293 503 340 240

396 433 603 482 traditos
656 434 889 497 legimuS,
939 450 1108 483 earum
1161 437 1490 485 sermonibus,
1566 439 1630 486 At
1681 454 1779 488 non
1832 441 1948 489 licet
1996 442 2115 490 talia
2153 456 2266 490 con·

397 518 601 567 cludere
653 519 743 566 nisi
783 534 845 567 ex
883 520 1016 567 haud
1054 519 1296 583 ambiguis
1334 524 1510 584 poetae
1547 522 1754 572 indiciis.
1828 525 1922 573 Hic
1959 541 2079 574 vero
2120 527 2269 575 collo-

397 605 567 667 quium
622 605 770 667 plane
819 605 1148 668 progrediens
1188 606 1448 672 habemus,
1499 609 1717 658 comicus
1757 614 1941 674 autem,
1993 612 2185 661 simodo
2225 613 2270 660 ei

396 694 594 753 praesto
622 689 795 738 fuisset
822 691 1027 739 materia
1052 691 1184 739 talis:
1211 695 1399 754 septem
1430 693 1623 755 pacifici
1651 695 1744 742 viri
1773 695 1969 758 filiolae,
1997 712 2055 746 ea
2083 697 2269 760 largius

397 790 487 838 pro
526 776 726 837 ingenio
765 790 856 824 suo
896 790 1016 824 usus
1055 781 1199 825 esset.
1261 777 1337 836 At,
1375 782 1430 827 ut
1468 780 1811 841 quaestionem
1853 782 2118 847 solvamuS‚
2157 799 2269 846 pro-

395 859 717 908 ficiscendum
769 865 844 909 est
894 877 954 910 ex
1007 877 1066 910 eo
1118 862 1164 910 in
1221 861 1319 912 fine
1369 862 1563 913 fabulae
1614 865 1745 926 loco,
1797 866 1878 914 ubi
1930 870 2102 930 aperte
2149 868 2268 918 duo

397 946 556 1009 pueri,
593 939 829 994 Lamachi
870 949 918 995 et
946 947 1201 1011 Cleonymi
1241 948 1342 1011 filii,
1380 948 1686 998 inducuntur
1725 949 1883 1011 (1265
1906 947 2050 1016 sqq).
2091 954 2268 1002 Verisi-

396 1031 648 1079 millimum
683 1031 809 1080 enim
839 1036 928 1095 est,
967 1032 1167 1081 eosdem
1197 1033 1323 1082 duos
1348 1049 1532 1097 pueros
1559 1037 1770 1098 primum
1796 1037 2018 1101 Trygaei
2044 1038 2271 1103 filiarum,

395 1120 496 1165 tum
546 1116 785 1165 Lamachi
838 1117 1195 1180 Cleonymique
1252 1118 1464 1168 filiorum
1517 1136 1757 1182 personas
1809 1124 2043 1185 gessisse,
2101 1125 2169 1172 ita
2217 1128 2271 1173 ut

395 1202 694 1251 scholiastae
744 1203 879 1251 illam
934 1206 1098 1252 notam
1152 1204 1241 1252 sibi
1293 1208 1425 1253 stare
1476 1206 1749 1255 videamus.
1829 1209 2066 1258 Lamachi
2117 1209 2268 1258 filium

396 1287 548 1336 multa
586 1291 843 1337 canentem
886 1289 1133 1338 audimus:
1188 1291 1355 1354 itaque
1394 1307 1491 1340 non
1532 1292 1703 1342 dubito
1761 1293 1919 1343 eidem
1971 1311 2147 1357 puero,
2186 1296 2270 1358 qui

394 1374 527 1422 hunc
565 1375 743 1436 egerit,
801 1378 855 1422 ut
892 1375 1181 1439 sollertiori,
1239 1381 1434 1425 cantum
1490 1376 1628 1425 illum
1681 1378 1877 1441 puellae
1929 1374 2268 1443 (114—118)

395 1459 637 1522 tribuere,
689 1459 770 1522 qui
825 1461 973 1508 unius
1018 1464 1211 1509 tantum
1252 1463 1325 1510 ori
1364 1463 1631 1512 convenire
1670 1462 1934 1523 videtur.¹)
2010 1465 2154 1526 Quod
2194 1481 2268 1513 sc-

394 1545 562 1607 quitur
601 1545 901 1608 colloquium
950 1545 1079 1594 idem
1129 1550 1261 1595 certe
1300 1563 1426 1610 puer
1465 1563 1574 1596 cum
1615 1552 1755 1611 patre
1795 1550 1986 1613 habuit,
2038 1551 2268 1613 quoniam

393 1646 545 1678 unum
592 1634 783 1679 tantum
830 1647 939 1680 cum
979 1631 1062 1680 illo
1103 1632 1410 1682 confabulari
1453 1649 1512 1683 ex
1554 1635 1716 1683 causis
1754 1650 1906 1697 supra
1945 1636 2107 1684 allatis
2155 1651 2269 1684 con·

394 1720 688 1765 sentaneum
729 1720 818 1765 est.

534 1803 708 1851 Restat
765 1807 820 1851 ut
871 1802 931 1850 de
980 1798 1281 1867 Lysistrata,
1347 1805 1395 1853 in
1447 1821 1548 1868 qua
1602 1805 1830 1855 Cinesiae
1880 1810 1930 1855 et
1984 1807 2270 1870 Myrrhinae

391 1887 574 1936 filiolus
609 1888 861 1937 inducitur
899 1887 1242 1953 (845—968)‚
1280 1906 1442 1952 pauca
1480 1891 1718 1940 dicamus.
1795 1893 1891 1953 Qui
1932 1899 2064 1942 certe
2103 1893 2270 1942 infans

392 1973 621 2023 minimae
672 1974 847 2023 aetatis
898 1979 973 2024 est
1026 1976 1347 2039 cogitandus,
1401 1981 1573 2039 aperte
1620 1979 1747 2026 enim
1791 1968 2008 2043 ἄθηλος
2047 1983 2270 2042 vocatur,

386 2061 581 2109 lactens
626 2061 776 2124 igitur
828 2066 903 2110 est
955 2060 1122 2122 (881);
1174 2062 1303 2111 adde
1360 2064 1490 2126 quod
1546 2068 1719 2127 postea
1757 2081 1785 2112 a
1825 2080 1971 2114 servo
2025 2065 2268 2129 aufertur,

388 2162 508 2196 sane
565 2148 650 2210 qui
701 2147 954 2197 ambulare
1008 2147 1228 2197 nondum
1296 2150 1467 2211 possit.
1562 2152 1738 2213 ltaque
1793 2153 1988 2198 constat
2036 2151 2096 2199 de
2150 2166 2268 2200 vcro

387 2232 577 2282 infante
642 2233 722 2283 hic
779 2234 1041 2283 dicendum
1101 2251 1199 2284 non
1257 2249 1388 2291 esse;
1451 2237 1536 2285 sed
1594 2236 1912 2285 simulacrum
1974 2242 2159 2287 tantum
2218 2239 2265 2285 in

388 2334 619 2368 scaenam
659 2324 976 2383 apportatum
1018 2326 1092 2370 est
1130 2322 1256 2370 sicut
1283 2322 1333 2369 in
1363 2322 1625 2385 Iphigenia
1654 2323 1764 2370 Aul,
1793 2328 1900 2386 ctc.,
1939 2325 2016 2372 cui
2045 2324 2265 2385 opinioni

387 2406 626 2454 clamores
676 2406 881 2456 infantis
920 2423 1020 2456 non
1062 2407 1262 2456 obstant
1302 2405 1468 2468 (879);
1522 2408 1639 2471 quid
1682 2410 1809 2457 enim
1852 2408 2068 2473 facilius,
2119 2425 2264 2472 quam

388 2491 611 2541 histrioni
643 2492 788 2542 alicui
831 2492 927 2542 tria
966 2493 1049 2542 illa
1087 2493 1242 2542 verba
1282 2497 1470 2543 mutata
1509 2510 1630 2543 voce
1673 2494 1976 2557 proferenda
2013 2495 2268 2545 tribucre?

1158 2719 1498 2726 ————.

531 2921 633 2968 Iam
685 2920 870 2970 fabulis
918 2923 1269 2984 superstitibus
1309 2923 1625 2986 perlustratis
1667 2926 1905 2986 quantum
1945 2924 1993 2971 in
2035 2923 2266 2986 deperdi-

384 3009 544 3053 tarum
580 3006 797 3055 tenebris
827 2990 1111 3057 etiamnunc
1138 3010 1373 3074 cognosci
1403 3014 1704 3071 nostraeque
1732 3010 2008 3071 quaestioni
2039 3009 2262 3059 adhiberi

381 3091 557 3154 possit,
595 3091 866 3142 videamus.

524 3177 599 3224 Ex
651 3177 1016 3242 Aescliyleis
1073 3195 1220 3228 unam
1278 3183 1467 3229 tantum
1526 3180 1684 3230 habeo
1738 3179 2071 3243 tragoediam,
2128 3180 2264 3230 cuius

381 3263 510 3310 inter
550 3277 793 3324 personas
832 3280 956 3327 puer
995 3265 1099 3313 sive
1137 3264 1302 3314 infans
1340 3265 1494 3314 fuisse
1533 3265 1786 3314 videatur:
1830 3259 2098 3328 Telephum
2138 3266 2266 3330 dico,

381 3348 428 3395 in
484 3364 582 3410 qua
621 3349 920 3412 Aeschylum
973 3350 1101 3399 idem
1155 3351 1292 3414 quod
1333 3351 1598 3415 Euripides
1649 3352 1699 3400 in
1740 3351 1959 3401 eiusdem
2000 3352 2126 3400 tituli
2166 3355 2262 3400 tra-

362 3427 563 3495 ¹goedia
612 3440 958 3496 argumentum
1007 3439 1315 3500 expressisse
1353 3438 1680 3501 suspicamur.
1758 3438 1880 3486 Dico
1922 3441 2086 3487 uotam
2127 3438 2261 3486 illam

526 3611 560 3666 ¹)
594 3612 826 3657 Dissentit
856 3612 1053 3670 Mustius,
1087 3615 1112 3660 l.
1136 3629 1172 3659 c.
1205 3629 1248 3671 p.
1280 3619 1374 3659 111.
