<?xml version="1.0" encoding="UTF-8"?>
<!DOCTYPE html PUBLIC "-//W3C//DTD XHTML 1.0 Transitional//EN"
    "http://www.w3.org/TR/xhtml1/DTD/xhtml1-transitional.dtd">
<html xmlns="http://www.w3.org/1999/xhtml" xml:lang="en" lang="en">
 <head>
  <title>
</title>
<meta http-equiv="Content-Type" content="text/html;charset=utf-8" />
  <meta name='ocr-system' content='tesseract 3.04.00' />
  <meta name='ocr-capabilities' content='ocr_page ocr_carea ocr_par ocr_line ocrx_word'/>
</head>
<body>
  <div class='ocr_page' id='page_1' title='image "./depueroruminresc00haymuoft_0013.png"; bbox 0 0 2548 4218; ppageno 0'>
   <div class='ocr_carea' id='block_1_1' title="bbox 2045 326 2143 371">
    <p class='ocr_par' dir='ltr' id='par_1_1' title="bbox 2045 326 2143 371">
     <span class='ocr_line' id='line_1_1' title="bbox 2045 326 2143 371; baseline -0.01 0"><span class='ocrx_word' id='word_1_1' title='bbox 2045 326 2143 371; x_wconf 78' lang='lat'>221</span> 
     </span>
    </p>
   </div>
   <div class='ocr_carea' id='block_1_2' title="bbox 282 460 2149 781">
    <p class='ocr_par' dir='ltr' id='par_1_2' title="bbox 282 460 2149 610">
     <span class='ocr_line' id='line_1_2' title="bbox 283 460 2149 525; baseline -0.001 -13"><span class='ocrx_word' id='word_1_2' title='bbox 283 460 681 512; x_wconf 83' lang='lat' dir='ltr'>sacrificantibus</span> <span class='ocrx_word' id='word_1_3' title='bbox 731 462 1096 524; x_wconf 80' lang='lat' dir='ltr'>ministrabant,</span> <span class='ocrx_word' id='word_1_4' title='bbox 1150 462 1283 525; x_wconf 87' lang='lat' dir='ltr'>quod</span> <span class='ocrx_word' id='word_1_5' title='bbox 1334 462 1562 525; x_wconf 89' lang='lat' dir='ltr'>sequitur</span> <span class='ocrx_word' id='word_1_6' title='bbox 1610 478 1671 511; x_wconf 88' lang='lat' dir='ltr'>ex</span> <span class='ocrx_word' id='word_1_7' title='bbox 1716 463 1934 511; x_wconf 81' lang='lat' dir='ltr'>Tiresiae</span> <span class='ocrx_word' id='word_1_8' title='bbox 1985 464 2149 512; x_wconf 88' lang='lat' dir='ltr'>verbis</span> 
     </span>
     <span class='ocr_line' id='line_1_3' title="bbox 282 545 692 610; baseline -0.002 -14"><span class='ocrx_word' id='word_1_9' title='bbox 282 549 356 610; x_wconf 75' lang='lat' dir='ltr'>his</span> <span class='ocrx_word' id='word_1_10' title='bbox 394 545 692 608; x_wconf 80' lang='lat' dir='ltr'>(1012s13):</span> 
     </span>
    </p>

    <p class='ocr_par' dir='ltr' id='par_1_3' title="bbox 534 620 1764 696">
     <span class='ocr_line' id='line_1_4' title="bbox 534 620 1764 696; baseline -0.001 -16"><span class='ocrx_word' id='word_1_11' title='bbox 534 628 767 680; x_wconf 83' lang='grc' dir='ltr'><em>τοιαῦτα</em></span> <span class='ocrx_word' id='word_1_12' title='bbox 805 624 1006 690; x_wconf 77' lang='grc' dir='ltr'><em>παιδὸς</em></span> <span class='ocrx_word' id='word_1_13' title='bbox 1043 620 1198 680; x_wconf 54' lang='grc' dir='ltr'><em>τοῦδ</em></span> <span class='ocrx_word' id='word_1_14' title='bbox 1235 623 1560 696; x_wconf 73' lang='grc' dir='ltr'><em>ἐμάνθανον</em></span> <span class='ocrx_word' id='word_1_15' title='bbox 1596 624 1764 696; x_wconf 84' lang='grc' dir='ltr'><em>πάρα,</em></span> 
     </span>
    </p>

    <p class='ocr_par' dir='ltr' id='par_1_4' title="bbox 537 705 1737 781">
     <span class='ocr_line' id='line_1_5' title="bbox 537 705 1737 781; baseline 0 -17"><span class='ocrx_word' id='word_1_16' title='bbox 537 712 823 779; x_wconf 77' lang='grc' dir='ltr'><em>φθίνοντα</em></span> <span class='ocrx_word' id='word_1_17' title='bbox 861 713 1080 781; x_wconf 80' lang='grc' dir='ltr'><em>σεμνῶν</em></span> <span class='ocrx_word' id='word_1_18' title='bbox 1120 705 1330 781; x_wconf 80' lang='grc' dir='ltr'><em>ὀργίων</em></span> <span class='ocrx_word' id='word_1_19' title='bbox 1365 708 1737 781; x_wconf 80' lang='grc' dir='ltr'><em>μαντεύματα.</em></span> 
     </span>
    </p>
   </div>
   <div class='ocr_carea' id='block_1_3' title="bbox 282 817 2167 3488">
    <p class='ocr_par' dir='ltr' id='par_1_5' title="bbox 282 817 2154 1393">
     <span class='ocr_line' id='line_1_6' title="bbox 283 817 2153 881; baseline -0.001 -14"><span class='ocrx_word' id='word_1_20' title='bbox 283 818 431 867; x_wconf 84' lang='lat' dir='ltr'>Tales</span> <span class='ocrx_word' id='word_1_21' title='bbox 470 818 714 880; x_wconf 87' lang='lat' dir='ltr'>camillos,</span> <span class='ocrx_word' id='word_1_22' title='bbox 754 818 837 880; x_wconf 91' lang='lat' dir='ltr'>qui</span> <span class='ocrx_word' id='word_1_23' title='bbox 877 817 1113 866; x_wconf 88' lang='lat' dir='ltr'>videntur</span> <span class='ocrx_word' id='word_1_24' title='bbox 1151 818 1455 881; x_wconf 68' lang='lat' dir='ltr'>epheborum</span> <span class='ocrx_word' id='word_1_25' title='bbox 1495 819 1644 866; x_wconf 84' lang='lat' dir='ltr'>aetati</span> <span class='ocrx_word' id='word_1_26' title='bbox 1684 818 1942 880; x_wconf 82' lang='lat' dir='ltr'>propiores</span> <span class='ocrx_word' id='word_1_27' title='bbox 1981 818 2153 880; x_wconf 85' lang='lat' dir='ltr'>fuisse,</span> 
     </span>
     <span class='ocr_line' id='line_1_7' title="bbox 282 902 2152 965; baseline 0 -14"><span class='ocrx_word' id='word_1_28' title='bbox 282 918 432 965; x_wconf 82' lang='lat' dir='ltr'>saepe</span> <span class='ocrx_word' id='word_1_29' title='bbox 478 902 702 951; x_wconf 88' lang='lat' dir='ltr'>videmus</span> <span class='ocrx_word' id='word_1_30' title='bbox 756 903 803 950; x_wconf 93' lang='lat' dir='ltr'>in</span> <span class='ocrx_word' id='word_1_31' title='bbox 845 903 1173 951; x_wconf 82' lang='lat' dir='ltr'>monumentis</span> <span class='ocrx_word' id='word_1_32' title='bbox 1212 902 1373 965; x_wconf 91' lang='lat' dir='ltr'>pictis.</span> <span class='ocrx_word' id='word_1_33' title='bbox 1447 902 1683 962; x_wconf 75' lang='lat' dir='ltr'>Quamvis</span> <span class='ocrx_word' id='word_1_34' title='bbox 1721 904 1871 964; x_wconf 84' lang='lat' dir='ltr'>igitur</span> <span class='ocrx_word' id='word_1_35' title='bbox 1911 904 1990 951; x_wconf 89' lang='lat' dir='ltr'>hie</span> <span class='ocrx_word' id='word_1_36' title='bbox 2028 919 2152 965; x_wconf 90' lang='lat' dir='ltr'>puer</span> 
     </span>
     <span class='ocr_line' id='line_1_8' title="bbox 282 987 2149 1051; baseline 0.001 -15"><span class='ocrx_word' id='word_1_37' title='bbox 282 988 493 1037; x_wconf 84' lang='lat' dir='ltr'>fortasse</span> <span class='ocrx_word' id='word_1_38' title='bbox 545 1003 716 1036; x_wconf 88' lang='lat' dir='ltr'>servus</span> <span class='ocrx_word' id='word_1_39' title='bbox 756 989 819 1036; x_wconf 89' lang='lat' dir='ltr'>sit</span> <span class='ocrx_word' id='word_1_40' title='bbox 859 988 1175 1051; x_wconf 81' lang='lat' dir='ltr'>cogitandus,</span> <span class='ocrx_word' id='word_1_41' title='bbox 1228 994 1391 1037; x_wconf 87' lang='lat' dir='ltr'>tamen</span> <span class='ocrx_word' id='word_1_42' title='bbox 1432 1004 1556 1037; x_wconf 85' lang='lat' dir='ltr'>voce</span> <span class='ocrx_word' id='word_1_43' title='bbox 1594 988 1677 1037; x_wconf 90' lang='lat' dir='ltr'>illa</span> <span class='ocrx_word' id='word_1_44' title='bbox 1721 987 1909 1047; x_wconf 47' lang='lat' dir='ltr'>„aalffl</span> <span class='ocrx_word' id='word_1_45' title='bbox 1954 1004 2149 1037; x_wconf 89' lang='lat' dir='ltr'>servum</span> 
     </span>
     <span class='ocr_line' id='line_1_9' title="bbox 282 1074 2153 1137; baseline 0 -15"><span class='ocrx_word' id='word_1_46' title='bbox 282 1075 484 1137; x_wconf 86' lang='lat' dir='ltr'>signari,</span> <span class='ocrx_word' id='word_1_47' title='bbox 522 1089 621 1122; x_wconf 91' lang='lat' dir='ltr'>non</span> <span class='ocrx_word' id='word_1_48' title='bbox 660 1089 884 1136; x_wconf 81' lang='lat' dir='ltr'>puerum,</span> <span class='ocrx_word' id='word_1_49' title='bbox 924 1090 1066 1137; x_wconf 85' lang='lat' dir='ltr'>nego,</span> <span class='ocrx_word' id='word_1_50' title='bbox 1108 1075 1390 1123; x_wconf 89' lang='lat' dir='ltr'>universum</span> <span class='ocrx_word' id='word_1_51' title='bbox 1431 1078 1480 1123; x_wconf 93' lang='lat' dir='ltr'>et</span> <span class='ocrx_word' id='word_1_52' title='bbox 1517 1074 1778 1135; x_wconf 76' lang='lat' dir='ltr'>Sophoclis</span> <span class='ocrx_word' id='word_1_53' title='bbox 1818 1077 1866 1123; x_wconf 87' lang='lat' dir='ltr'>et</span> <span class='ocrx_word' id='word_1_54' title='bbox 1902 1074 2153 1137; x_wconf 85' lang='lat' dir='ltr'>Euripidis</span> 
     </span>
     <span class='ocr_line' id='line_1_10' title="bbox 283 1153 2152 1223; baseline -0.001 -15"><span class='ocrx_word' id='word_1_55' title='bbox 283 1159 524 1208; x_wconf 86' lang='lat' dir='ltr'>sermonis</span> <span class='ocrx_word' id='word_1_56' title='bbox 564 1173 702 1207; x_wconf 85' lang='lat' dir='ltr'>usum</span> <span class='ocrx_word' id='word_1_57' title='bbox 744 1163 973 1221; x_wconf 89' lang='lat' dir='ltr'>secutus,</span> <span class='ocrx_word' id='word_1_58' title='bbox 1010 1160 1094 1222; x_wconf 90' lang='lat' dir='ltr'>qui</span> <span class='ocrx_word' id='word_1_59' title='bbox 1133 1174 1304 1208; x_wconf 86' lang='lat' dir='ltr'>servos</span> <span class='ocrx_word' id='word_1_60' title='bbox 1343 1174 1440 1207; x_wconf 91' lang='lat' dir='ltr'>non</span> <span class='ocrx_word' id='word_1_61' title='bbox 1482 1160 1575 1207; x_wconf 84' lang='lat' dir='ltr'>nisi</span> <span class='ocrx_word' id='word_1_62' title='bbox 1617 1153 1804 1222; x_wconf 75' lang='grc' dir='ltr'><em>δμῶας</em></span> <span class='ocrx_word' id='word_1_63' title='bbox 1842 1160 1945 1208; x_wconf 88' lang='lat' dir='ltr'>sive</span> <span class='ocrx_word' id='word_1_64' title='bbox 1983 1167 2152 1223; x_wconf 87' lang='grc' dir='ltr'><em>προσ-</em></span> 
     </span>
     <span class='ocr_line' id='line_1_11' title="bbox 283 1235 2154 1311; baseline 0 -20"><span class='ocrx_word' id='word_1_65' title='bbox 283 1235 496 1302; x_wconf 79' lang='grc' dir='ltr'><strong><em>πόλους</em></strong></span> <span class='ocrx_word' id='word_1_66' title='bbox 547 1245 651 1292; x_wconf 92' lang='lat' dir='ltr'>sive</span> <span class='ocrx_word' id='word_1_67' title='bbox 705 1236 949 1301; x_wconf 80' lang='grc' dir='ltr'><em>δούλους</em></span> <span class='ocrx_word' id='word_1_68' title='bbox 997 1245 1274 1307; x_wconf 80' lang='lat' dir='ltr'>appellent,</span> <span class='ocrx_word' id='word_1_69' title='bbox 1325 1245 1547 1311; x_wconf 82' lang='lat' dir='ltr'>tragicae</span> <span class='ocrx_word' id='word_1_70' title='bbox 1600 1244 1801 1293; x_wconf 87' lang='lat' dir='ltr'>dictioni</span> <span class='ocrx_word' id='word_1_71' title='bbox 1853 1243 1971 1293; x_wconf 86' lang='lat' dir='ltr'>illud</span> <span class='ocrx_word' id='word_1_72' title='bbox 2023 1249 2154 1301; x_wconf 84' lang='grc' dir='ltr'><em>παῖς</em></span> 
     </span>
     <span class='ocr_line' id='line_1_12' title="bbox 283 1329 1845 1393; baseline 0.001 -15"><span class='ocrx_word' id='word_1_73' title='bbox 283 1346 382 1379; x_wconf 87' lang='lat' dir='ltr'>non</span> <span class='ocrx_word' id='word_1_74' title='bbox 424 1330 694 1380; x_wconf 90' lang='lat' dir='ltr'>convenire</span> <span class='ocrx_word' id='word_1_75' title='bbox 734 1330 981 1378; x_wconf 88' lang='lat' dir='ltr'>arbitrati:</span> <span class='ocrx_word' id='word_1_76' title='bbox 1020 1331 1182 1379; x_wconf 91' lang='lat' dir='ltr'>minus</span> <span class='ocrx_word' id='word_1_77' title='bbox 1221 1329 1508 1379; x_wconf 85' lang='lat' dir='ltr'>fastidiosus</span> <span class='ocrx_word' id='word_1_78' title='bbox 1546 1330 1845 1393; x_wconf 77' lang='lat' dir='ltr'>Aeschylus.</span> 
     </span>
    </p>

    <p class='ocr_par' dir='ltr' id='par_1_6' title="bbox 285 1410 2160 2075">
     <span class='ocr_line' id='line_1_13' title="bbox 428 1410 2155 1479; baseline 0.001 -16"><span class='ocrx_word' id='word_1_79' title='bbox 428 1416 485 1463; x_wconf 88' lang='lat' dir='ltr'>In</span> <span class='ocrx_word' id='word_1_80' title='bbox 543 1410 692 1463; x_wconf 74' lang='lat' dir='ltr'>Mace</span> <span class='ocrx_word' id='word_1_81' title='bbox 749 1414 1008 1479; x_wconf 84' lang='lat' dir='ltr'>Sophoclis</span> <span class='ocrx_word' id='word_1_82' title='bbox 1065 1416 1366 1478; x_wconf 89' lang='lat' dir='ltr'>Eurysacem</span> <span class='ocrx_word' id='word_1_83' title='bbox 1425 1417 1591 1464; x_wconf 86' lang='lat' dir='ltr'>Aiacis</span> <span class='ocrx_word' id='word_1_84' title='bbox 1645 1415 1869 1479; x_wconf 89' lang='lat' dir='ltr'>filiolum,</span> <span class='ocrx_word' id='word_1_85' title='bbox 1928 1417 2155 1479; x_wconf 87' lang='lat' dir='ltr'>quamvis</span> 
     </span>
     <span class='ocr_line' id='line_1_14' title="bbox 285 1500 2157 1563; baseline 0.001 -15"><span class='ocrx_word' id='word_1_86' title='bbox 285 1503 497 1561; x_wconf 86' lang='lat' dir='ltr'>mutum,</span> <span class='ocrx_word' id='word_1_87' title='bbox 548 1502 704 1549; x_wconf 84' lang='lat' dir='ltr'>iustas</span> <span class='ocrx_word' id='word_1_88' title='bbox 742 1503 913 1562; x_wconf 88' lang='lat' dir='ltr'>partes</span> <span class='ocrx_word' id='word_1_89' title='bbox 951 1515 1101 1562; x_wconf 87' lang='lat' dir='ltr'>agere</span> <span class='ocrx_word' id='word_1_90' title='bbox 1139 1500 1385 1563; x_wconf 88' lang='lat' dir='ltr'>videmus,</span> <span class='ocrx_word' id='word_1_91' title='bbox 1429 1516 1646 1563; x_wconf 86' lang='lat' dir='ltr'>namque</span> <span class='ocrx_word' id='word_1_92' title='bbox 1683 1503 1791 1549; x_wconf 87' lang='lat' dir='ltr'>arto</span> <span class='ocrx_word' id='word_1_93' title='bbox 1832 1516 1940 1549; x_wconf 88' lang='lat' dir='ltr'>cum</span> <span class='ocrx_word' id='word_1_94' title='bbox 1981 1502 2157 1550; x_wconf 88' lang='lat' dir='ltr'>ceteris</span> 
     </span>
     <span class='ocr_line' id='line_1_15' title="bbox 285 1585 2156 1649; baseline 0 -15"><span class='ocrx_word' id='word_1_95' title='bbox 285 1586 512 1649; x_wconf 87' lang='lat' dir='ltr'>personis</span> <span class='ocrx_word' id='word_1_96' title='bbox 564 1587 764 1634; x_wconf 89' lang='lat' dir='ltr'>vinculo</span> <span class='ocrx_word' id='word_1_97' title='bbox 818 1586 1111 1635; x_wconf 91' lang='lat' dir='ltr'>coniunctus</span> <span class='ocrx_word' id='word_1_98' title='bbox 1163 1589 1257 1644; x_wconf 87' lang='lat' dir='ltr'>est⁷</span> <span class='ocrx_word' id='word_1_99' title='bbox 1310 1586 1370 1634; x_wconf 84' lang='lat' dir='ltr'>de</span> <span class='ocrx_word' id='word_1_100' title='bbox 1422 1602 1520 1649; x_wconf 90' lang='lat' dir='ltr'>qua</span> <span class='ocrx_word' id='word_1_101' title='bbox 1570 1602 1624 1635; x_wconf 91' lang='lat' dir='ltr'>re</span> <span class='ocrx_word' id='word_1_102' title='bbox 1674 1585 1803 1635; x_wconf 86' lang='lat' dir='ltr'>infra</span> <span class='ocrx_word' id='word_1_103' title='bbox 1851 1586 2010 1635; x_wconf 89' lang='lat' dir='ltr'>fusius</span> <span class='ocrx_word' id='word_1_104' title='bbox 2057 1586 2156 1635; x_wconf 89' lang='lat' dir='ltr'>dis-</span> 
     </span>
     <span class='ocr_line' id='line_1_16' title="bbox 285 1671 2158 1733; baseline 0.001 -15"><span class='ocrx_word' id='word_1_105' title='bbox 285 1672 556 1733; x_wconf 79' lang='lat' dir='ltr'>putabitur.</span> <span class='ocrx_word' id='word_1_106' title='bbox 629 1672 937 1733; x_wconf 88' lang='lat' dir='ltr'>Eurysacem</span> <span class='ocrx_word' id='word_1_107' title='bbox 977 1671 1083 1733; x_wconf 91' lang='lat' dir='ltr'>ipse</span> <span class='ocrx_word' id='word_1_108' title='bbox 1122 1674 1270 1733; x_wconf 87' lang='lat' dir='ltr'>poeta</span> <span class='ocrx_word' id='word_1_109' title='bbox 1309 1686 1518 1733; x_wconf 88' lang='lat' dir='ltr'>puerum</span> <span class='ocrx_word' id='word_1_110' title='bbox 1560 1671 1802 1719; x_wconf 85' lang='lat' dir='ltr'>nominari</span> <span class='ocrx_word' id='word_1_111' title='bbox 1841 1671 1956 1719; x_wconf 91' lang='lat' dir='ltr'>fecit</span> <span class='ocrx_word' id='word_1_112' title='bbox 1987 1687 2032 1718; x_wconf 86' lang='lat' dir='ltr'>v.</span> <span class='ocrx_word' id='word_1_113' title='bbox 2055 1674 2158 1721; x_wconf 85' lang='lat'>340</span> 
     </span>
     <span class='ocr_line' id='line_1_17' title="bbox 286 1753 2158 1818; baseline -0.001 -13"><span class='ocrx_word' id='word_1_114' title='bbox 286 1760 335 1804; x_wconf 88' lang='lat' dir='ltr'>et</span> <span class='ocrx_word' id='word_1_115' title='bbox 385 1759 500 1805; x_wconf 82' lang='lat'>575.</span> <span class='ocrx_word' id='word_1_116' title='bbox 590 1756 892 1815; x_wconf 82' lang='lat' dir='ltr'>Adducitur,</span> <span class='ocrx_word' id='word_1_117' title='bbox 949 1771 1047 1804; x_wconf 92' lang='lat' dir='ltr'>non</span> <span class='ocrx_word' id='word_1_118' title='bbox 1106 1759 1353 1818; x_wconf 86' lang='lat' dir='ltr'>portatur,</span> <span class='ocrx_word' id='word_1_119' title='bbox 1411 1772 1439 1803; x_wconf 87' lang='lat' dir='ltr'>a</span> <span class='ocrx_word' id='word_1_120' title='bbox 1495 1756 1651 1804; x_wconf 88' lang='lat' dir='ltr'>servis</span> <span class='ocrx_word' id='word_1_121' title='bbox 1708 1753 1872 1818; x_wconf 85' lang='lat'>(544);</span> <span class='ocrx_word' id='word_1_122' title='bbox 1922 1760 1975 1804; x_wconf 89' lang='lat' dir='ltr'>ut</span> <span class='ocrx_word' id='word_1_123' title='bbox 2032 1756 2158 1805; x_wconf 89' lang='lat' dir='ltr'>enim</span> 
     </span>
     <span class='ocr_line' id='line_1_18' title="bbox 286 1840 2159 1905; baseline 0.001 -16"><span class='ocrx_word' id='word_1_124' title='bbox 286 1843 486 1890; x_wconf 90' lang='lat' dir='ltr'>omnino</span> <span class='ocrx_word' id='word_1_125' title='bbox 537 1842 586 1890; x_wconf 91' lang='lat' dir='ltr'>in</span> <span class='ocrx_word' id='word_1_126' title='bbox 639 1842 731 1889; x_wconf 89' lang='lat' dir='ltr'>hac</span> <span class='ocrx_word' id='word_1_127' title='bbox 778 1841 946 1889; x_wconf 89' lang='lat' dir='ltr'>fabula</span> <span class='ocrx_word' id='word_1_128' title='bbox 985 1857 1082 1889; x_wconf 92' lang='lat' dir='ltr'>non</span> <span class='ocrx_word' id='word_1_129' title='bbox 1123 1842 1189 1889; x_wconf 90' lang='lat' dir='ltr'>ita</span> <span class='ocrx_word' id='word_1_130' title='bbox 1227 1856 1415 1904; x_wconf 87' lang='lat' dir='ltr'>parvus</span> <span class='ocrx_word' id='word_1_131' title='bbox 1455 1845 1605 1904; x_wconf 89' lang='lat' dir='ltr'>atque</span> <span class='ocrx_word' id='word_1_132' title='bbox 1645 1840 1818 1890; x_wconf 83' lang='lat' dir='ltr'>debilis</span> <span class='ocrx_word' id='word_1_133' title='bbox 1858 1841 2159 1905; x_wconf 84' lang='lat' dir='ltr'>depingitur,</span> 
     </span>
     <span class='ocr_line' id='line_1_19' title="bbox 285 1926 2160 1990; baseline 0 -15"><span class='ocrx_word' id='word_1_134' title='bbox 285 1927 356 1975; x_wconf 88' lang='lat' dir='ltr'>sic</span> <span class='ocrx_word' id='word_1_135' title='bbox 407 1927 501 1975; x_wconf 92' lang='lat' dir='ltr'>hac</span> <span class='ocrx_word' id='word_1_136' title='bbox 548 1928 595 1975; x_wconf 90' lang='lat' dir='ltr'>in</span> <span class='ocrx_word' id='word_1_137' title='bbox 635 1942 819 1975; x_wconf 86' lang='lat' dir='ltr'>scaena</span> <span class='ocrx_word' id='word_1_138' title='bbox 857 1942 1057 1989; x_wconf 92' lang='lat' dir='ltr'>quoque</span> <span class='ocrx_word' id='word_1_139' title='bbox 1097 1942 1206 1975; x_wconf 90' lang='lat' dir='ltr'>eum</span> <span class='ocrx_word' id='word_1_140' title='bbox 1248 1926 1457 1989; x_wconf 88' lang='lat' dir='ltr'>pedibus</span> <span class='ocrx_word' id='word_1_141' title='bbox 1495 1926 1749 1976; x_wconf 88' lang='lat' dir='ltr'>ambulare</span> <span class='ocrx_word' id='word_1_142' title='bbox 1789 1927 1943 1975; x_wconf 88' lang='lat' dir='ltr'>verba</span> <span class='ocrx_word' id='word_1_143' title='bbox 1981 1931 2160 1990; x_wconf 89' lang='lat' dir='ltr'>poetae</span> 
     </span>
     <span class='ocr_line' id='line_1_20' title="bbox 287 2010 930 2075; baseline 0 -15"><span class='ocrx_word' id='word_1_144' title='bbox 287 2011 597 2075; x_wconf 86' lang='lat' dir='ltr'>patefaciunt</span> <span class='ocrx_word' id='word_1_145' title='bbox 634 2011 755 2072; x_wconf 90' lang='lat'>(541</span> <span class='ocrx_word' id='word_1_146' title='bbox 780 2010 930 2075; x_wconf 88' lang='lat' dir='ltr'>sqq.):</span> 
     </span>
    </p>

    <p class='ocr_par' dir='ltr' id='par_1_7' title="bbox 438 2091 1905 2162">
     <span class='ocr_line' id='line_1_21' title="bbox 438 2091 1905 2162; baseline 0.001 -17"><span class='ocrx_word' id='word_1_147' title='bbox 438 2096 591 2146; x_wconf 87' lang='grc' dir='ltr'><em>ΤΕΚ.</em></span> <span class='ocrx_word' id='word_1_148' title='bbox 1348 2093 1517 2162; x_wconf 80' lang='grc' dir='ltr'><em>δεῦρο</em></span> <span class='ocrx_word' id='word_1_149' title='bbox 1556 2091 1905 2162; x_wconf 80' lang='grc' dir='ltr'><em>προσπόλων</em></span> 
     </span>
    </p>

    <p class='ocr_par' dir='ltr' id='par_1_8' title="bbox 634 2170 1911 2248">
     <span class='ocr_line' id='line_1_22' title="bbox 634 2170 1911 2248; baseline 0.002 -18"><span class='ocrx_word' id='word_1_150' title='bbox 634 2171 719 2247; x_wconf 76' lang='grc' dir='ltr'>ἄγ’</span> <span class='ocrx_word' id='word_1_151' title='bbox 759 2170 933 2231; x_wconf 78' lang='grc' dir='ltr'><em>αὐτὸν</em></span> <span class='ocrx_word' id='word_1_152' title='bbox 973 2171 1147 2247; x_wconf 79' lang='grc' dir='ltr'><em>ὅσπερ</em></span> <span class='ocrx_word' id='word_1_153' title='bbox 1182 2178 1369 2247; x_wconf 87' lang='grc' dir='ltr'><em>χερσὶν</em></span> <span class='ocrx_word' id='word_1_154' title='bbox 1409 2172 1675 2232; x_wconf 73' lang='grc' dir='ltr'><em>εὐθύνων</em></span> <span class='ocrx_word' id='word_1_155' title='bbox 1712 2189 1911 2248; x_wconf 78' lang='grc' dir='ltr'><em>κυρεῖς.</em></span> 
     </span>
    </p>

    <p class='ocr_par' dir='ltr' id='par_1_9' title="bbox 488 2259 1288 2332">
     <span class='ocr_line' id='line_1_23' title="bbox 488 2259 1288 2332; baseline 0 -15"><span class='ocrx_word' id='word_1_156' title='bbox 488 2266 588 2317; x_wconf 89' lang='grc' dir='ltr'>ΑΙ.</span> <span class='ocrx_word' id='word_1_157' title='bbox 630 2259 861 2332; x_wconf 74' lang='grc' dir='ltr'><em>ἕρποντι</em></span> <span class='ocrx_word' id='word_1_158' title='bbox 899 2273 1128 2330; x_wconf 82' lang='grc' dir='ltr'><em>φωνεϊς;</em></span> <span class='ocrx_word' id='word_1_159' title='bbox 1166 2267 1288 2317; x_wconf 80' lang='grc' dir='ltr'><em>κτλ.</em></span> 
     </span>
    </p>

    <p class='ocr_par' dir='ltr' id='par_1_10' title="bbox 290 2369 2164 2775">
     <span class='ocr_line' id='line_1_24' title="bbox 291 2369 2158 2434; baseline 0.002 -18"><span class='ocrx_word' id='word_1_160' title='bbox 291 2369 534 2418; x_wconf 86' lang='lat' dir='ltr'>attollitur</span> <span class='ocrx_word' id='word_1_161' title='bbox 572 2385 619 2416; x_wconf 89' lang='lat' dir='ltr'>v.</span> <span class='ocrx_word' id='word_1_162' title='bbox 645 2372 747 2418; x_wconf 90' lang='lat'>445</span> <span class='ocrx_word' id='word_1_163' title='bbox 777 2384 882 2431; x_wconf 91' lang='lat' dir='ltr'>sqq.</span> <span class='ocrx_word' id='word_1_164' title='bbox 921 2370 969 2417; x_wconf 94' lang='lat' dir='ltr'>in</span> <span class='ocrx_word' id='word_1_165' title='bbox 1010 2369 1308 2431; x_wconf 84' lang='lat' dir='ltr'>eccyclema‚</span> <span class='ocrx_word' id='word_1_166' title='bbox 1355 2369 1434 2418; x_wconf 91' lang='lat' dir='ltr'>ubi</span> <span class='ocrx_word' id='word_1_167' title='bbox 1476 2369 1616 2418; x_wconf 84' lang='lat' dir='ltr'>sedet</span> <span class='ocrx_word' id='word_1_168' title='bbox 1654 2373 1797 2433; x_wconf 86' lang='lat' dir='ltr'>pater</span> <span class='ocrx_word' id='word_1_169' title='bbox 1837 2376 2070 2434; x_wconf 87' lang='lat' dir='ltr'>tanquam</span> <span class='ocrx_word' id='word_1_170' title='bbox 2111 2372 2158 2419; x_wconf 92' lang='lat' dir='ltr'>in</span> 
     </span>
     <span class='ocr_line' id='line_1_25' title="bbox 290 2440 2164 2520; baseline 0.002 -18"><span class='ocrx_word' id='word_1_171' title='bbox 290 2456 507 2504; x_wconf 86' lang='lat' dir='ltr'>tentorio</span> <span class='ocrx_word' id='word_1_172' title='bbox 556 2456 686 2503; x_wconf 90' lang='lat' dir='ltr'>inter</span> <span class='ocrx_word' id='word_1_173' title='bbox 734 2470 906 2503; x_wconf 86' lang='lat' dir='ltr'>caesas</span> <span class='ocrx_word' id='word_1_174' title='bbox 945 2440 1178 2518; x_wconf 66' lang='lat' dir='ltr'>pecudes</span> <span class='ocrx_word' id='word_1_175' title='bbox 1251 2456 1363 2503; x_wconf 90' lang='lat' dir='ltr'>Non</span> <span class='ocrx_word' id='word_1_176' title='bbox 1406 2457 1532 2503; x_wconf 88' lang='lat' dir='ltr'>enim</span> <span class='ocrx_word' id='word_1_177' title='bbox 1572 2471 1772 2518; x_wconf 89' lang='lat' dir='ltr'>possum</span> <span class='ocrx_word' id='word_1_178' title='bbox 1812 2456 1870 2505; x_wconf 89' lang='lat' dir='ltr'>iis</span> <span class='ocrx_word' id='word_1_179' title='bbox 1918 2458 2164 2520; x_wconf 87' lang='lat' dir='ltr'>assentiri,</span> 
     </span>
     <span class='ocr_line' id='line_1_26' title="bbox 290 2539 2161 2603; baseline 0.002 -16"><span class='ocrx_word' id='word_1_180' title='bbox 290 2540 376 2602; x_wconf 90' lang='lat' dir='ltr'>qui</span> <span class='ocrx_word' id='word_1_181' title='bbox 416 2540 847 2601; x_wconf 86' lang='lat' dir='ltr'>grammaticorum</span> <span class='ocrx_word' id='word_1_182' title='bbox 887 2539 1269 2603; x_wconf 83' lang='lat' dir='ltr'>parepigraphis</span> <span class='ocrx_word' id='word_1_183' title='bbox 1308 2540 1548 2603; x_wconf 84' lang='lat' dir='ltr'>neglectis</span> <span class='ocrx_word' id='word_1_184' title='bbox 1586 2541 1866 2602; x_wconf 83' lang='lat' dir='ltr'>eccyclema</span> <span class='ocrx_word' id='word_1_185' title='bbox 1905 2541 1953 2590; x_wconf 94' lang='lat' dir='ltr'>in</span> <span class='ocrx_word' id='word_1_186' title='bbox 1981 2541 2161 2590; x_wconf 85' lang='lat' dir='ltr'>fabulis</span> 
     </span>
     <span class='ocr_line' id='line_1_27' title="bbox 294 2623 2161 2690; baseline 0.001 -17"><span class='ocrx_word' id='word_1_187' title='bbox 294 2626 643 2688; x_wconf 85' lang='lat' dir='ltr'>superstitibus</span> <span class='ocrx_word' id='word_1_188' title='bbox 696 2629 987 2687; x_wconf 88' lang='lat' dir='ltr'>usurpatum</span> <span class='ocrx_word' id='word_1_189' title='bbox 1040 2640 1147 2673; x_wconf 89' lang='lat' dir='ltr'>esse</span> <span class='ocrx_word' id='word_1_190' title='bbox 1199 2623 1447 2688; x_wconf 82' lang='lat' dir='ltr'>negant.1)</span> <span class='ocrx_word' id='word_1_191' title='bbox 1534 2627 1647 2675; x_wconf 90' lang='lat' dir='ltr'>Non</span> <span class='ocrx_word' id='word_1_192' title='bbox 1694 2627 1742 2675; x_wconf 93' lang='lat' dir='ltr'>in</span> <span class='ocrx_word' id='word_1_193' title='bbox 1790 2643 1955 2690; x_wconf 85' lang='lat' dir='ltr'>genua</span> <span class='ocrx_word' id='word_1_194' title='bbox 1992 2628 2161 2676; x_wconf 89' lang='lat' dir='ltr'>iubere</span> 
     </span>
     <span class='ocr_line' id='line_1_28' title="bbox 296 2710 1932 2775; baseline 0.001 -17"><span class='ocrx_word' id='word_1_195' title='bbox 296 2711 493 2759; x_wconf 86' lang='lat' dir='ltr'>Aiacem</span> <span class='ocrx_word' id='word_1_196' title='bbox 534 2710 735 2759; x_wconf 87' lang='lat' dir='ltr'>filiolum</span> <span class='ocrx_word' id='word_1_197' title='bbox 777 2711 951 2771; x_wconf 86' lang='lat' dir='ltr'>attolli,</span> <span class='ocrx_word' id='word_1_198' title='bbox 989 2711 1143 2772; x_wconf 89' lang='lat' dir='ltr'>ipsius</span> <span class='ocrx_word' id='word_1_199' title='bbox 1183 2710 1438 2759; x_wconf 84' lang='lat' dir='ltr'>declarant</span> <span class='ocrx_word' id='word_1_200' title='bbox 1475 2712 1628 2760; x_wconf 85' lang='lat' dir='ltr'>verba</span> <span class='ocrx_word' id='word_1_201' title='bbox 1667 2710 1790 2772; x_wconf 88' lang='lat'>(545</span> <span class='ocrx_word' id='word_1_202' title='bbox 1817 2710 1932 2775; x_wconf 90' lang='lat' dir='ltr'>sq.):</span> 
     </span>
    </p>

    <p class='ocr_par' dir='ltr' id='par_1_11' title="bbox 631 2797 1907 2875">
     <span class='ocr_line' id='line_1_29' title="bbox 631 2797 1907 2875; baseline 0.002 -19"><span class='ocrx_word' id='word_1_203' title='bbox 631 2798 738 2873; x_wconf 75' lang='grc' dir='ltr'><em>αἶρ’</em></span> <span class='ocrx_word' id='word_1_204' title='bbox 778 2797 954 2857; x_wconf 77' lang='grc' dir='ltr'><em>αὐτὸν</em></span> <span class='ocrx_word' id='word_1_205' title='bbox 993 2799 1110 2874; x_wconf 83' lang='grc' dir='ltr'><em>αἶρε</em></span> <span class='ocrx_word' id='word_1_206' title='bbox 1151 2805 1341 2874; x_wconf 78' lang='grc' dir='ltr'><em>δεῦρο·</em></span> <span class='ocrx_word' id='word_1_207' title='bbox 1381 2802 1643 2874; x_wconf 77' lang='grc' dir='ltr'><em>ταρβήσει</em></span> <span class='ocrx_word' id='word_1_208' title='bbox 1682 2801 1784 2875; x_wconf 83' lang='grc' dir='ltr'>γὰρ</span> <span class='ocrx_word' id='word_1_209' title='bbox 1825 2799 1907 2874; x_wconf 76' lang='grc' dir='ltr'>οὗ,</span> 
     </span>
    </p>

    <p class='ocr_par' dir='ltr' id='par_1_12' title="bbox 290 2887 2167 3488">
     <span class='ocr_line' id='line_1_30' title="bbox 631 2887 1937 2960; baseline 0.002 -18"><span class='ocrx_word' id='word_1_210' title='bbox 631 2892 914 2960; x_wconf 84' lang='grc' dir='ltr'><em>νεοσφαγῆ</em></span> <span class='ocrx_word' id='word_1_211' title='bbox 952 2909 1062 2958; x_wconf 87' lang='grc' dir='ltr'>μου</span> <span class='ocrx_word' id='word_1_212' title='bbox 1099 2887 1264 2944; x_wconf 79' lang='grc' dir='ltr'><em>τόνδε</em></span> <span class='ocrx_word' id='word_1_213' title='bbox 1302 2887 1698 2959; x_wconf 81' lang='grc' dir='ltr'><em>προσλεύσσων</em></span> <span class='ocrx_word' id='word_1_214' title='bbox 1738 2889 1937 2958; x_wconf 84' lang='grc' dir='ltr'><em>φόνον.</em></span> 
     </span>
     <span class='ocr_line' id='line_1_31' title="bbox 291 2994 2164 3062; baseline 0.001 -17"><span class='ocrx_word' id='word_1_215' title='bbox 291 2997 411 3046; x_wconf 87' lang='lat' dir='ltr'>Cum</span> <span class='ocrx_word' id='word_1_216' title='bbox 470 2995 596 3043; x_wconf 88' lang='lat' dir='ltr'>enim</span> <span class='ocrx_word' id='word_1_217' title='bbox 657 2997 705 3044; x_wconf 92' lang='lat' dir='ltr'>in</span> <span class='ocrx_word' id='word_1_218' title='bbox 764 2997 873 3059; x_wconf 90' lang='lat' dir='ltr'>ipso</span> <span class='ocrx_word' id='word_1_219' title='bbox 931 2997 1144 3045; x_wconf 88' lang='lat' dir='ltr'>tentorio</span> <span class='ocrx_word' id='word_1_220' title='bbox 1201 2994 1420 3059; x_wconf 85' lang='lat' dir='ltr'>pecudes</span> <span class='ocrx_word' id='word_1_221' title='bbox 1471 2997 1584 3046; x_wconf 88' lang='lat' dir='ltr'>illae</span> <span class='ocrx_word' id='word_1_222' title='bbox 1640 2998 1883 3060; x_wconf 87' lang='lat' dir='ltr'>sanguine</span> <span class='ocrx_word' id='word_1_223' title='bbox 1933 2998 2164 3062; x_wconf 87' lang='lat' dir='ltr'>perfusae</span> 
     </span>
     <span class='ocr_line' id='line_1_32' title="bbox 290 3077 2166 3146; baseline 0.002 -17"><span class='ocrx_word' id='word_1_224' title='bbox 290 3083 507 3144; x_wconf 86' lang='lat' dir='ltr'>iaceant,</span> <span class='ocrx_word' id='word_1_225' title='bbox 563 3097 686 3130; x_wconf 90' lang='lat' dir='ltr'>voce</span> <span class='ocrx_word' id='word_1_226' title='bbox 739 3082 823 3129; x_wconf 87' lang='lat' dir='ltr'>illa</span> <span class='ocrx_word' id='word_1_227' title='bbox 874 3077 1039 3145; x_wconf 79' lang='grc' dir='ltr'><em>δεῦρο</em></span> <span class='ocrx_word' id='word_1_228' title='bbox 1091 3084 1291 3131; x_wconf 89' lang='lat' dir='ltr'>tentorii</span> <span class='ocrx_word' id='word_1_229' title='bbox 1332 3083 1616 3131; x_wconf 88' lang='lat' dir='ltr'>interiorem</span> <span class='ocrx_word' id='word_1_230' title='bbox 1655 3086 1868 3145; x_wconf 89' lang='lat' dir='ltr'>partem,</span> <span class='ocrx_word' id='word_1_231' title='bbox 1923 3099 2052 3146; x_wconf 89' lang='lat' dir='ltr'>quae</span> <span class='ocrx_word' id='word_1_232' title='bbox 2089 3099 2166 3132; x_wconf 89' lang='lat' dir='ltr'>ec-</span> 
     </span>
     <span class='ocr_line' id='line_1_33' title="bbox 292 3167 2165 3231; baseline 0.001 -16"><span class='ocrx_word' id='word_1_233' title='bbox 292 3167 567 3230; x_wconf 83' lang='lat' dir='ltr'>cyclemate</span> <span class='ocrx_word' id='word_1_234' title='bbox 618 3172 1046 3231; x_wconf 85' lang='lat' dir='ltr'>repraesentatur,</span> <span class='ocrx_word' id='word_1_235' title='bbox 1096 3168 1362 3230; x_wconf 86' lang='lat' dir='ltr'>significari</span> <span class='ocrx_word' id='word_1_236' title='bbox 1412 3171 1636 3231; x_wconf 87' lang='lat' dir='ltr'>apparet.</span> <span class='ocrx_word' id='word_1_237' title='bbox 1710 3169 1787 3216; x_wconf 88' lang='lat' dir='ltr'>Ita</span> <span class='ocrx_word' id='word_1_238' title='bbox 1824 3170 2165 3218; x_wconf 85' lang='lat' dir='ltr'>tantummodo</span> 
     </span>
     <span class='ocr_line' id='line_1_34' title="bbox 290 3252 2164 3318; baseline 0.002 -19"><span class='ocrx_word' id='word_1_239' title='bbox 290 3253 509 3314; x_wconf 87' lang='lat' dir='ltr'>intellegi</span> <span class='ocrx_word' id='word_1_240' title='bbox 562 3256 745 3314; x_wconf 84' lang='lat' dir='ltr'>potest,</span> <span class='ocrx_word' id='word_1_241' title='bbox 798 3252 931 3316; x_wconf 90' lang='lat' dir='ltr'>quod</span> <span class='ocrx_word' id='word_1_242' title='bbox 982 3258 1127 3316; x_wconf 87' lang='lat' dir='ltr'>pater</span> <span class='ocrx_word' id='word_1_243' title='bbox 1173 3253 1292 3301; x_wconf 86' lang='lat' dir='ltr'>dicit</span> <span class='ocrx_word' id='word_1_244' title='bbox 1329 3253 1481 3301; x_wconf 89' lang='lat' dir='ltr'>filium</span> <span class='ocrx_word' id='word_1_245' title='bbox 1522 3269 1662 3302; x_wconf 90' lang='lat' dir='ltr'>suum</span> <span class='ocrx_word' id='word_1_246' title='bbox 1702 3253 1922 3303; x_wconf 86' lang='lat' dir='ltr'>horribili</span> <span class='ocrx_word' id='word_1_247' title='bbox 1961 3259 2164 3318; x_wconf 87' lang='lat' dir='ltr'>aspectu</span> 
     </span>
     <span class='ocr_line' id='line_1_35' title="bbox 295 3327 2167 3398; baseline 0.001 -12"><span class='ocrx_word' id='word_1_248' title='bbox 295 3354 394 3386; x_wconf 91' lang='lat' dir='ltr'>non</span> <span class='ocrx_word' id='word_1_249' title='bbox 433 3339 656 3386; x_wconf 88' lang='lat' dir='ltr'>territum</span> <span class='ocrx_word' id='word_1_250' title='bbox 697 3340 773 3398; x_wconf 89' lang='lat' dir='ltr'>iri,</span> <span class='ocrx_word' id='word_1_251' title='bbox 810 3354 879 3387; x_wconf 89' lang='lat' dir='ltr'>sc.</span> <span class='ocrx_word' id='word_1_252' title='bbox 917 3338 957 3386; x_wconf 86' lang='lat' dir='ltr'>si</span> <span class='ocrx_word' id='word_1_253' title='bbox 995 3339 1259 3387; x_wconf 91' lang='lat' dir='ltr'>tentorium</span> <span class='ocrx_word' id='word_1_254' title='bbox 1296 3327 1573 3387; x_wconf 83' lang='lat' dir='ltr'>intraverit.</span> <span class='ocrx_word' id='word_1_255' title='bbox 1648 3339 1767 3389; x_wconf 83' lang='lat' dir='ltr'>Cum</span> <span class='ocrx_word' id='word_1_256' title='bbox 1806 3345 1967 3388; x_wconf 89' lang='lat' dir='ltr'>autem</span> <span class='ocrx_word' id='word_1_257' title='bbox 1997 3355 2167 3388; x_wconf 88' lang='lat' dir='ltr'>omnes</span> 
     </span>
     <span class='ocr_line' id='line_1_36' title="bbox 295 3419 2167 3488; baseline 0.002 -18"><span class='ocrx_word' id='word_1_258' title='bbox 295 3426 494 3485; x_wconf 87' lang='lat' dir='ltr'>praeter</span> <span class='ocrx_word' id='word_1_259' title='bbox 531 3419 734 3471; x_wconf 88' lang='lat' dir='ltr'>Aiacem</span> <span class='ocrx_word' id='word_1_260' title='bbox 791 3439 1034 3486; x_wconf 86' lang='lat' dir='ltr'>personae</span> <span class='ocrx_word' id='word_1_261' title='bbox 1082 3428 1224 3472; x_wconf 85' lang='lat' dir='ltr'>extra</span> <span class='ocrx_word' id='word_1_262' title='bbox 1261 3424 1527 3473; x_wconf 89' lang='lat' dir='ltr'>tentorium</span> <span class='ocrx_word' id='word_1_263' title='bbox 1568 3424 1672 3472; x_wconf 90' lang='lat' dir='ltr'>sive</span> <span class='ocrx_word' id='word_1_264' title='bbox 1712 3425 1997 3487; x_wconf 85' lang='lat' dir='ltr'>eccyclema</span> <span class='ocrx_word' id='word_1_265' title='bbox 2035 3426 2167 3488; x_wconf 88' lang='lat' dir='ltr'>cogi-</span> 
     </span>
    </p>
   </div>
   <div class='ocr_carea' id='block_1_4' title="bbox 288 3519 627 3525">
    <p class='ocr_par' dir='ltr' id='par_1_13' title="bbox 288 3519 627 3525">
     <span class='ocr_line' id='line_1_37' title="bbox 288 3519 627 3525; baseline 0 0"><span class='ocrx_word' id='word_1_266' title='bbox 288 3519 627 3525; x_wconf 95' lang='lat' dir='ltr'> </span> 
     </span>
    </p>
   </div>
   <div class='ocr_carea' id='block_1_5' title="bbox 292 3555 2166 3688">
    <p class='ocr_par' dir='ltr' id='par_1_14' title="bbox 292 3555 2166 3688">
     <span class='ocr_line' id='line_1_38' title="bbox 437 3555 2166 3616; baseline 0.001 -14"><span class='ocrx_word' id='word_1_267' title='bbox 437 3558 472 3612; x_wconf 87' lang='grc'>1)</span> <span class='ocrx_word' id='word_1_268' title='bbox 515 3555 581 3602; x_wconf 84' lang='lat' dir='ltr'>Of.</span> <span class='ocrx_word' id='word_1_269' title='bbox 614 3557 809 3614; x_wconf 87' lang='lat' dir='ltr'>Neckel,</span> <span class='ocrx_word' id='word_1_270' title='bbox 839 3559 933 3602; x_wconf 86' lang='lat' dir='ltr'>Das</span> <span class='ocrx_word' id='word_1_271' title='bbox 964 3558 1280 3616; x_wconf 85' lang='lat' dir='ltr'>Ekkyklema,</span> <span class='ocrx_word' id='word_1_272' title='bbox 1312 3559 1468 3615; x_wconf 89' lang='lat' dir='ltr'>Progr.</span> <span class='ocrx_word' id='word_1_273' title='bbox 1499 3559 1755 3605; x_wconf 86' lang='lat' dir='ltr'>Friedland.</span> <span class='ocrx_word' id='word_1_274' title='bbox 1788 3559 2025 3615; x_wconf 85' lang='lat' dir='ltr'>(Obotrit.)</span> <span class='ocrx_word' id='word_1_275' title='bbox 2060 3563 2166 3604; x_wconf 88' lang='grc'>1890</span> 
     </span>
     <span class='ocr_line' id='line_1_39' title="bbox 292 3626 2165 3688; baseline 0.003 -16"><span class='ocrx_word' id='word_1_276' title='bbox 292 3632 338 3672; x_wconf 86' lang='lat' dir='ltr'>et</span> <span class='ocrx_word' id='word_1_277' title='bbox 367 3626 827 3686; x_wconf 67' lang='lat' dir='ltr'>Dorpfeld-Reisch,</span> <span class='ocrx_word' id='word_1_278' title='bbox 857 3629 951 3674; x_wconf 86' lang='lat' dir='ltr'>Das</span> <span class='ocrx_word' id='word_1_279' title='bbox 983 3630 1266 3686; x_wconf 84' lang='lat' dir='ltr'>griechische</span> <span class='ocrx_word' id='word_1_280' title='bbox 1297 3631 1518 3686; x_wconf 88' lang='lat' dir='ltr'>Theater,</span> <span class='ocrx_word' id='word_1_281' title='bbox 1549 3631 1706 3676; x_wconf 86' lang='lat' dir='ltr'>Athen</span> <span class='ocrx_word' id='word_1_282' title='bbox 1739 3635 1867 3688; x_wconf 85' lang='lat'>1896,</span> <span class='ocrx_word' id='word_1_283' title='bbox 1898 3644 1942 3687; x_wconf 91' lang='lat' dir='ltr'>p.</span> <span class='ocrx_word' id='word_1_284' title='bbox 1965 3635 2047 3675; x_wconf 86' lang='lat'>234</span> <span class='ocrx_word' id='word_1_285' title='bbox 2064 3644 2165 3688; x_wconf 88' lang='lat' dir='ltr'>sqq.</span> 
     </span>
    </p>
   </div>
   <div class='ocr_carea' id='block_1_6' title="bbox 1842 3718 1917 3762">
    <p class='ocr_par' dir='ltr' id='par_1_15' title="bbox 1842 3718 1917 3762">
     <span class='ocr_line' id='line_1_40' title="bbox 1842 3718 1917 3762; baseline 0 0"><span class='ocrx_word' id='word_1_286' title='bbox 1842 3718 1917 3762; x_wconf 80' lang='lat'>15*</span> 
     </span>
    </p>
   </div>
  </div>
 </body>
</html>
