2548 4218
410 279 512 326 258

407 418 560 479 retur,
598 414 768 463 fabula
794 414 1026 477 satyrica,
1065 429 1193 477 quae
1227 407 1510 476 Ἀχιλλέως
1549 407 1774 477 ἐρασταί
1809 415 2109 476 inscribitur,
2146 418 2282 478 pate—

409 500 540 548 fecit.
597 499 708 559 Qua
746 499 795 547 in
834 514 889 547 re
926 499 1074 560 longe
1113 498 1266 547 distat
1292 498 1353 546 ab
1381 498 1636 561 Euripide,
1674 499 1872 549 homine
1905 515 2098 561 severo,
2137 515 2282 563 quem

409 585 588 632 scimus
628 587 779 631 totam
810 583 1146 646 Chrysippum
1186 582 1249 630 ad
1290 582 1721 631 condemnandum
1759 599 2027 646 puerorum
2067 599 2284 632 amorem

411 668 782 730 conscripsisse.
846 667 988 727 Quae
1028 683 1138 715 cum
1180 667 1249 715 ita
1286 667 1401 729 sint,
1439 682 1531 729 ego
1570 668 1695 716 illud
1734 667 1898 718 Ovidii
1935 670 2285 728 testimonium,

410 753 547 817 quod
587 752 649 800 ad
690 752 946 801 Achillis
999 755 1294 801 amatores
1331 751 1592 800 Nauckius
1630 753 1838 817 rettulit,
1873 748 2085 803 Troilo
2124 753 2284 802 vindi-

411 838 622 888 candum
662 841 801 902 puto,
838 839 1132 901 praesertim
1173 853 1282 886 cum
1324 837 1449 886 haec
1487 839 1550 887 sit
1587 838 1717 887 illius
1754 839 1848 888 loci
1875 840 1965 899 viS,
2003 841 2149 889 etiam
2189 843 2286 888 tra-

411 924 660 988 goediam,
697 924 924 986 quamvis
963 938 1169 972 severae
1209 928 1417 971 naturae
1450 925 1527 986 sit,
1566 924 1887 974 descendisse
1921 924 1984 973 ad
2012 925 2288 974 obscaenos

410 1011 567 1067 iocos;
607 1009 669 1057 de
707 1008 876 1057 fabula
914 1009 1149 1071 satyrica,
1188 1008 1329 1057 cuius
1367 1008 1443 1056 vis
1481 1009 1531 1056 in
1570 1009 1666 1057 illis
1703 1009 1825 1058 iocis
1858 1011 2019 1072 posita
2046 1013 2136 1072 est,
2172 1010 2288 1058 talia

414 1110 615 1144 monere
649 1095 872 1156 ineptum
909 1097 999 1142 est.
1045 1094 1178 1141 Ecce
1204 1093 1346 1141 locus
1375 1092 1653 1142 Ovidianus
1682 1094 1849 1151 (Trist.
1877 1095 1941 1158 11,
1965 1092 2287 1156 409—412):

668 1180 758 1228 Est
795 1182 845 1227 et
883 1179 934 1226 in
973 1178 1248 1227 obscaenos
1289 1177 1484 1226 deflexa
1521 1179 1782 1240 tragoedia
1819 1180 1950 1229 risus

755 1264 1012 1327 multaque
1050 1265 1309 1326 praeteriti
1346 1263 1501 1312 verba
1537 1263 1746 1327 pudoris
1783 1264 1950 1328 habet,

671 1365 765 1398 nec
803 1352 952 1398 nocet
989 1349 1196 1408 auctori,
1235 1349 1429 1398 mollem
1471 1350 1556 1412 qui
1595 1349 1715 1399 fecit
1753 1350 2011 1414 Achillem,

756 1434 1025 1498 infregisse
1064 1434 1167 1483 suis
1206 1434 1356 1483 fortia
1393 1432 1526 1482 facta
1564 1433 1735 1483 modis.

416 1521 643 1571 Troilum
694 1521 742 1568 in
798 1520 964 1568 fabula
1017 1519 1211 1569 fortiter
1262 1534 1315 1568 se
1354 1520 1582 1582 gessisse,
1635 1521 1698 1569 ab
1739 1520 1934 1569 Achille
1971 1521 2289 1570 interfectum

417 1603 583 1669 esse,¹)
624 1605 809 1654 docent
845 1605 969 1653 haee
1006 1605 1161 1653 verba
1197 1604 1480 1667 paedagogi
1519 1603 1634 1667 (frg.
1656 1603 1800 1664 562):

666 1682 772 1738 τὸν
811 1677 1167 1754 ἅνδρόπαιδα
1206 1680 1536 1754 δεσπότηνῖ)
1577 1676 1852 1739 ἀπώλεσα.

413 1778 634 1827 Fabulae
689 1780 989 1825 structuram
1031 1779 1086 1824 ut
1122 1791 1186 1824 ex
1223 1775 1299 1823 his
1338 1775 1551 1824 exilibus
1590 1777 1798 1838 reliquis
1835 1777 2168 1837 restituamus,
2207 1777 2292 1826 vix

414 1862 685 1925 continget.
759 1861 869 1910 Hoc
909 1860 1215 1919 addendum,
1268 1859 1402 1922 quod
1441 1860 1521 1909 vel
1560 1876 1651 1923 per
1690 1876 1743 1910 se
1782 1864 1943 1924 patet,
1990 1861 2145 1911 Troili
2184 1877 2292 1925 per-

414 1963 587 1997 sonam
627 1963 656 1995 a
695 1946 915 2009 legitimo
955 1945 1196 1994 histrione
1234 1949 1423 2008 gestam
1463 1960 1589 1994 esse.

558 2033 658 2081 Iam
698 2034 889 2080 restant
927 2030 1192 2093 Sophoclis
1232 2030 1432 2079 fabulae
1471 2034 1725 2093 quattuor,
1764 2047 1894 2094 quae
1931 2031 2187 2082 laetiorem
2225 2033 2295 2081 in-

416 2118 579 2167 dolem
619 2132 742 2181 prae
780 2131 833 2165 se
872 2117 1047 2165 tulisse
1085 2115 1337 2179 videntur,
1383 2115 1628 2179 siquidem
1667 2120 1782 2175 tres,
1832 2116 2092 2166 Achillis
2140 2132 2295 2166 ama-

415 2207 604 2266 tores,
642 2202 1071 2264 Dionysiscus,
1109 2201 1543 2250 Heracleiscus
1584 2202 1831 2265 satyricae
1866 2201 2019 2251 fuisse
2045 2201 2295 2262 feruntur;

417 2288 504 2338 sed
547 2287 841 2350 Polyidus
891 2301 1091 2350 quoque
1141 2286 1246 2335 sive
1286 2287 1469 2335 Vates
1509 2274 1796 2346 (Μάντεις)
1846 2287 2026 2336 laetam
2067 2291 2295 2337 naturam

418 2375 664 2432 habuisse,
702 2372 914 2421 fortasse
954 2371 1202 2434 satyricae
1240 2370 1436 2420 fabulae
1476 2372 1638 2420 locum
1678 2373 1896 2421 tenuisse
1936 2373 2146 2422 videtur.

561 2460 638 2507 De
693 2452 891 2513 Achillis
948 2451 1290 2518 amatoribuS,
1347 2458 1396 2505 in
1454 2473 1553 2520 qua
1607 2456 1828 2506 Achilles
1884 2457 2298 2511 adulescentulus

419 2546 604 2609 primas
642 2546 812 2607 partes
852 2543 1016 2606 egisse
1055 2542 1270 2605 videtur,
1309 2543 1376 2591 ita
1416 2545 1470 2591 ut
1507 2558 1686 2591 revera
1724 2557 1935 2605 puerum
1975 2559 2078 2593 non
2114 2543 2298 2593 habea-

421 2646 541 2690 muS,
581 2645 734 2692 supra
773 2629 867 2677 iam
908 2628 1023 2678 dixi.

564 2717 621 2764 In
658 2709 950 2778 Dionyslsco
990 2713 1162 2762 fabula
1201 2713 1420 2776 satyrica
1457 2712 1622 2772 (cuius
1659 2714 1832 2762 titulus
1859 2717 2008 2763 antea
2033 2729 2297 2778 perperam

422 2790 790 2858 Διονυσιακός
826 2797 1105 2863 legebatur)
1158 2798 1220 2847 de
1259 2799 1485 2862 Dionyso
1532 2798 1637 2847 sive
1675 2798 1856 2847 Libero
1904 2798 2093 2847 infante
2132 2804 2295 2848 actum

422 2903 529 2936 esse
568 2901 727 2949 nuper
768 2884 984 2935 ostendit
1024 2885 1228 2934 Orusius
1243 2882 1284 2944 3)
1324 2901 1386 2933 ex
1423 2883 1723 2947 fragmento,
1771 2885 1849 2933 cui
1887 2884 2061 2933 titulus
2097 2884 2298 2934 fabulae

422 2972 669 3035 ascriptus
711 2976 801 3034 est,
837 2971 951 3020 hoc:

567 3096 606 3148 1)
636 3092 932 3137 Conferenda
977 3095 1051 3135 est
1093 3091 1271 3147 pictura
1310 3091 1609 3147 Pompeiana,
1664 3103 1753 3147 qua
1792 3090 1975 3135 Troilus
2019 3103 2134 3146 puer
2178 3104 2298 3147 equo

424 3165 599 3210 vehens
647 3168 846 3207 armatus
887 3167 1259 3219 repraesentatus
1302 3167 1386 3219 est,
1434 3175 1569 3218 quem
1599 3162 1804 3206 Achilles
1842 3174 1868 3205 a
1904 3166 2036 3218 tergo
2068 3163 2300 3219 opprimit,

425 3237 556 3281 laeva
586 3236 684 3280 eius
716 3234 908 3290 capillos
939 3238 1116 3289 tenens,
1150 3235 1343 3278 dextera
1372 3234 1573 3290 gladium
1595 3233 1843 3290 stringens.
1888 3234 2031 3286 Quam
2052 3234 2299 3291 imaginem

427 3308 788 3364 Heydemannus
819 3306 936 3350 falso
969 3311 1020 3350 ut
1039 3305 1285 3351 Herculem
1316 3319 1419 3349 cum
1440 3305 1677 3350 Amazone
1699 3305 2026 3360 interpretatus
2049 3309 2122 3350 est
2142 3303 2299 3361 (Arch.

428 3380 538 3425 Zeit.
565 3383 690 3435 1871,
720 3392 766 3434 p.
785 3381 873 3431 65).
917 3379 1065 3423 Recte
1096 3377 1338 3433 Helbigius
1369 3377 1487 3421 Bull.
1508 3376 1740 3422 dell’Inst.
1767 3380 1888 3432 1868,
1919 3390 1963 3432 p.
1981 3380 2034 3421 37
2067 3380 2114 3421 et
2143 3377 2299 3436 Camp.

428 3451 704 3506 Wandgem.
735 3463 780 3505 p.
798 3452 880 3493 460
897 3462 967 3505 sq.

572 3522 608 3579 2)
642 3522 696 3566 ci.
727 3520 969 3565 Blomfield
1000 3534 1084 3576 pro
1116 3520 1229 3564 trad.
1262 3516 1512 3575 δεσπότης.

574 3594 612 3657 ³)
643 3592 757 3637 Mus.
780 3591 926 3637 Rhen.
958 3592 1048 3637 vol.
1071 3591 1281 3649 XLVIII,
1311 3605 1356 3659 p.
1377 3595 1470 3638 152.
