2548 4218
412 291 515 337 242

556 436 657 482 Iam
697 432 1065 494 Sophocleas
1105 432 1300 481 fabulas
1340 433 1592 483 adeamus.

554 535 611 582 In
650 528 796 582 ΑῒΓθο
835 533 940 580 sive
979 527 1263 595 Mycenaeis
1301 532 1538 581 famosam
1579 535 1708 582 illam
1752 552 1955 594 „cenam
1995 537 2279 600 Thyestae“

411 622 673 669 tractatam
727 618 879 666 fuisse
932 621 1138 667 constat.
1216 617 1434 667 Eandem
1486 620 1738 668 materiam
1780 622 2043 685 Euripides
2091 624 2140 671 in
2192 638 2283 671 sua

410 700 629 769 Thyesla
690 701 988 763 tractavit.¹)
1085 703 1151 752 At
1214 703 1474 767 utriusque
1531 703 1729 753 fabulae
1783 706 1944 755 lineae
1998 707 2282 756 etiamnunc

412 795 551 840 tanta
602 790 818 852 caligine
869 792 986 838 sunt
1036 788 1321 851 obvolutae,
1371 792 1426 837 ut
1465 805 1525 838 ex
1565 793 1801 838 accurata
1836 795 2025 841 tantum
2066 794 2281 842 omnium

411 876 802 926 testimoniorum
856 875 1222 924 examinatione
1272 875 1358 923 lux
1410 875 1578 938 aliqua
1627 893 1654 924 a
1707 877 1848 926 nohis
1886 879 2075 940 sperari
2116 880 2284 942 possit.

412 964 708 1026 Priusquam
765 962 919 1024 igitur
975 960 1376 1024 ad„tragoedias
1426 961 1561 1025 ipsas
1612 962 1931 1026 accedamus,
1986 980 2116 1027 quae
2170 969 2284 1014 ante

412 1047 719 1112 tragoediam
777 1047 928 1096 fuerit
984 1047 1204 1109 vulgaris
1261 1046 1457 1095 fabulae
1507 1047 1689 1111 forma,
1745 1047 2142 1098 constituendum
2195 1054 2284 1100 est.

413 1134 570 1196 Quem
631 1132 693 1182 ad
751 1132 899 1181 finem
956 1133 1168 1194 primum
1223 1147 1327 1180 eam
1380 1134 1733 1194 narrationem,
1791 1150 1938 1197 quam
1990 1135 2284 1198 Apollodori

414 1221 632 1284 epitoma
670 1219 911 1267 Vaticana
950 1217 1163 1280 exhibet,
1203 1233 1547 1280 comparemus
1586 1234 1696 1268 cum
1737 1234 1817 1282 ea,
1867 1235 1994 1282 quae
2034 1225 2199 1269 exstat
2236 1222 2285 1269 in

413 1306 666 1370 Euripidis
705 1305 919 1353 Electra.
993 1303 1065 1352 Ibi
1117 1303 1249 1351 enim
1300 1303 1483 1352 chorus
1528 1303 1685 1353 fusius
1723 1308 1874 1353 totam
1914 1321 2081 1355 earum
2121 1321 2286 1355 rerum

414 1407 658 1441 conexum
696 1391 905 1454 profert,
945 1392 1079 1438 certe
1119 1390 1375 1451 vulgarem
1416 1405 1647 1452 quaeque
1672 1391 1972 1454 tragicorum
2001 1392 2287 1441 commentis

414 1494 513 1528 non
566 1481 639 1527 est
689 1480 823 1525 tacta
884 1476 1166 1525 memoriam
1218 1490 1455 1537 sequenS‚
1507 1474 1640 1538 quod
1681 1491 1742 1524 ex
1779 1477 1886 1539 ipso
1927 1476 2106 1526 cantici
2146 1478 2287 1526 Euri-

411 1563 545 1627 pidei
598 1563 734 1611 initio
789 1562 969 1610 elucet.
1044 1562 1226 1609 Postea
1278 1561 1487 1624 apposui
1527 1562 1764 1624 Aeschyli
1814 1577 1875 1610 ex
1913 1562 2288 1626 Agamemnone

413 1651 475 1699 de
514 1649 722 1698 fratrum
763 1646 971 1696 discidio
1013 1647 1364 1709 narrationem,
1403 1662 1532 1709 quae
1570 1647 1678 1710 ipsa
1717 1664 1916 1711 quoque
1955 1664 2046 1712 pro
2083 1650 2290 1712 antiqua

413 1737 649 1785 memoria
704 1732 936 1782 habenda
993 1736 1083 1781 est.
1175 1732 1295 1782 Cum
1350 1732 1460 1781 loco
1517 1733 1599 1781 iilo
1657 1749 1718 1782 ex
1776 1733 1992 1796 epitoma
2053 1734 2290 1783 Vaticana

414 1825 611 1884 sumpto
663 1821 773 1870 fere
826 1820 974 1883 plane
1014 1819 1286 1868 concinunt
1324 1818 1475 1867 schol.
1516 1819 1658 1867 Hom.
1685 1817 1749 1883 B,
1779 1822 1878 1869 105
1919 1819 2011 1868 AD
2051 1824 2100 1868 et
2138 1820 2289 1868 schol.

411 1909 531 1957 Eur.
570 1906 654 1956 Or.
681 1909 782 1956 812
824 1907 881 1969 A,
921 1920 1051 1968 quae
1092 1905 1419 1981 narrationes·
1437 1908 1601 1953 tamen
1641 1919 1738 1953 non
1768 1905 1898 1954 ultra
1924 1905 2199 1967 Thyestam
2228 1905 2323 1960 ab,

415 1995 568 2044 Atreo
607 1993 870 2057 expulsum
909 1991 1205 2055 procedunt.
1713 1991 1718 1995 '

607 2123 724 2171 Eur.
752 2122 826 2171 El.
853 2123 977 2178 (700
991 2122 1117 2184 sqq.)
1342 2115 1346 2184 ξ
1581 2121 1669 2182 Ep.
1698 2120 1805 2168 Vat.
1834 2113 1903 2184 (2,
1930 2124 1960 2170 5
1978 2118 2106 2184 sqq.)

1354 2268 1356 2270 v
1396 2191 1425 2252 ὁ
1481 2199 1539 2254 δὲ
1562 2192 1776 2268 Ἀτρεὺς
1814 2194 2112 2270 εὐξάμενός
2148 2221 2289 2254 ποτε

1395 2288 1513 2339 τῶν
1563 2277 1744 2339 αὑτοῦ
1793 2287 2097 2355 ποιμνίων,
2150 2280 2288 2355 ὅπερ

429 2420 439 2431 .
459 2419 468 2430 .
491 2379 561 2429 κλ
575 2370 730 2446 ηδιον
750 2372 810 2426 ἐν
831 2374 1082 2426 πολιαῖσι
1105 2367 1309 2440 φάμαις

412 2462 562 2531 μένει
599 2503 610 2515 .
644 2504 653 2513 .
690 2501 701 2512 .
741 2461 903 2512 Πᾶνα
941 2501 953 2512 .
986 2500 1034 2513 ..
1069 2456 1309 2526 χρυσέαν

415 2543 555 2617 ἄρνα
603 2546 960 2598 καλλίποκον
1007 2545 1308 2612 πορεῦσαι·

414 2633 698 2702 πετρίνοις
749 2624 796 2684 <5³
852 2627 1079 2692 ἐπιστὰς
1135 2631 1311 2698 κᾶρυξ

414 2718 565 2787 ἰἀχεν
592 2717 860 2786 βάθροις·
886 2708 1135 2785 άγοράν
1165 2710 1308 2785 άγο-

416 2825 447 2874 ρ
461 2801 494 2857 ἀ
508 2823 538 2856 ν
558 2807 877 2873 ΛΙυκηναῑοι
890 2803 1126 2871 στείχετε
1138 2821 1311 2871 μακα-

417 2891 556 2959 ρίων
571 2881 845 2957 ὀψόμενοι
861 2886 1162 2956 τυράννων
1178 2882 1309 2953 φάσ·

415 2995 560 3045 ματα
590 2976 830 3044 δείματα.
867 2974 1028 3043 χοροὶ
1056 2965 1311 3041 ‹5²21an-

418 3063 523 3115 δᾶν
541 3060 829 3130 ἐγέραιρον
846 3059 1037 3122 οἴκους
1053 3062 1168 3111 κτλ.
1184 3078 1310 3127 κρυ-

418 3148 569 3214 φίαις
607 3140 711 3216 γὰρ
750 3139 937 3208 εὐναῖς
962 3145 1154 3207 πείσας
1182 3138 1312 3197 ἄλο-

1398 2366 1466 2425 ἂν
1505 2369 1812 2425 κάλλιστον
1839 2372 2077 2442 γένηται,
2115 2375 2288 2425 τοῦτο

1397 2450 1861 2526 θῦσαιᾌρτέμιδι,
1901 2458 2160 2526 λέγουσιν
2193 2450 2291 2526 ,ἅρ-

1397 2540 1495 2606 νὸς
1521 2545 1786 2612 φανείσης
1808 2545 2013 2616 χρυσῆς
2039 2537 2127 2597 ὅτι
2166 2563 2290 2596 κατ-

1397 2629 1631 2700 ημέλησε
1691 2632 1788 2698 τῆς
1848 2622 2007 2699 εὐχῆς
2030 2644 2040 2655 ·
2093 2630 2293 2696 πνίξας

1399 2714 1457 2769 δὲ
1509 2710 1683 2786 αὐτὴν
1736 2714 1810 2777 εἰς
1847 2712 2100 2781 λάρνακα
2136 2715 2295 2768 κατέ-

1398 2805 1537 2854 θετο
1575 2794 1737 2853 κάκεῖ
1761 2794 2033 2867 ἐφύλασσε
2059 2797 2293 2871 ταύτην·

1402 2884 1554 2957 [μέγα
1578 2886 1637 2939 δέ
1656 2906 1710 2938 τι
1739 2888 2065 2954 φρονοῦντα
2096 2884 2188 2939 ἐπὶ
2207 2888 2289 2953 τοῦ

1398 2969 1634 3044 κτήματι
1701 2967 2070 3040 κομπάζειν
2127 2968 2294 3024 κατὰ

1399 3054 1514 3129 τὴν
1567 3050 1902 3128 άγοράν].ἳ)
1976 3049 2045 3129 ἤν
2066 3050 2293 3128 Ἀερόπη

1401 3144 1592 3197 δίδωσι
1655 3145 1738 3213 τῷ
1806 3143 2018 3210 Θυέστῃ
2077 3162 2293 3212 μοιχευ·

563 3335 593 3388 ¹)
626 3331 878 3389 Thyestam
909 3346 935 3375 a
967 3331 1144 3376 Cressis
1186 3331 1411 3375 diversam
1452 3343 1557 3374 esse
1598 3342 1691 3373 non
1729 3341 1846 3384 opus
1878 3332 1951 3373 est
1981 3329 2145 3373 iterum
2175 3327 2291 3372 affir-

418 3414 554 3447 mare.
606 3402 777 3447 Cenam
799 3401 1035 3458 Thyestae
1057 3401 1348 3457 potissimum
1369 3401 1415 3445 in
1436 3400 1645 3458 Thyesta
1664 3403 1901 3444 tractatam
1922 3397 2066 3444 fuisse
2090 3400 2293 3444 ostendit

418 3474 646 3530 Bergkius
694 3487 751 3516 ex
791 3473 1024 3528 Aristoph.
1066 3473 1291 3529 Proagon.
1331 3471 1462 3528 frgm.
1504 3471 1627 3527 apud
1666 3470 1965 3527 Meinekium,
2004 3469 2133 3527 frgm.
2177 3484 2292 3515 com.

420 3545 578 3590 Graec.
601 3544 658 3601 11,
689 3558 733 3600 p.
761 3545 956 3599 1137J38.

562 3617 600 3672 ²)
633 3615 734 3660 Hoc
765 3616 811 3659 in
843 3616 943 3660 unis
975 3615 1133 3660 scholl.
1165 3615 1300 3660 Hom.
1332 3619 1380 3660 et
1408 3615 1515 3659 Eur.
1545 3613 1722 3671 legitur.
