2548 4218
277 451 381 501 χον
401 423 813 499 φίλανΆτρέως,
832 431 993 500 τέρας
1014 429 1172 484 ἐκκο-

279 517 421 586 μίζει
457 512 598 584 πρὸς
637 512 877 584 δώματα.

283 763 542 839 νεόμενος
569 763 618 823 δ’
646 771 735 833 εἰς
769 763 1051 839 ἀγόρους
1079 764 1170 825 ἀύ-

280 874 363 908 τει
416 851 536 907 τὰν
589 852 952 925 κερόεσσαν
1004 853 1172 925 ἔχειν

279 937 739 1009 χρυσόμαλλον
807 938 950 994 κατὰ
1015 943 1172 1012 δῶμα

282 1025 588 1093 ποίμναν.
940 1029 943 1032 ’

1171 1219 1175 1222 .
1261 1198 1405 1267 σῆν.

283 1617 411 1674 τότε
438 1613 504 1693 δη
530 1617 659 1675 τότε
686 1619 930 1688 φαεννὰς
950 1619 1173 1692 ἄστρων

282 1699 532 1774 μετέβασ’
609 1698 778 1770 ὁδους
850 1705 1006 1771 Ζεὺς
1080 1709 1174 1761 καὶ

282 1794 485 1860 φέγγος
512 1786 701 1845 ἀελίου
727 1790 930 1846 λευκόν
955 1813 1014 1846 τε
1039 1792 1170 1863 πρό-

282 1890 479 1930 σωπον
529 1869 662 1940 ἀοῦς
699 1882 818 1932 κτλ.

284 2052 463 2102 Aesch.
489 2053 660 2117 Agam.
693 2057 827 2105 1583
848 2070 955 2119 sqq.
991 2055 1174 2117 (Weil.)

264 2123 481 2201 Άτρεύς
518 2128 619 2203 γὰρ
658 2128 841 2203 ἄρχων
873 2137 1032 2207 τῆςδε
1064 2139 1176 2208 γῆς,

281 2210 493 2272 τούτου
524 2217 726 2289 πατήρ,
764 2222 980 2290 πατέρα
1010 2223 1174 2276 Θυέσ-

283 2321 386 2374 την
452 2300 554 2356 τὸν
617 2302 773 2372 ἐμὸν,
849 2298 925 2370 αἷς
996 2310 1178 2376 τορῶς

283 2383 511 2457 φράσαι,
575 2382 752 2444 αὑτοῦ
811 2385 859 2444 δ’
911 2384 1176 2460 ἀδελφὸν,

283 2467 624 2542 ἀμφίλεκτος
644 2470 726 2529 ὢν
747 2473 953 2545 κράτει,
980 2470 1177 2549 ἦνδρη-

284 2555 525 2628 λάτησεν
582 2560 644 2613 ἐκ
694 2559 914 2625 πόλεως
968 2582 1028 2616 τε
1083 2564 1174 2616 καὶ

287 2640 492 2713 δόμων.

285 2901 379 2954 καὶ
416 2898 920 2970 προστρόπαιος
959 2900 1178 2967 ἑστίας

284 2980 477 3055 μολών
520 2983 694 3039 πάλιν
743 2985 968 3059 τλήμων
1012 2990 1178 3043 Θυέσ-

286 3091 382 3141 της
405 3082 608 3141 μοῖραν
634 3065 818 3143 ηὕρετ’
845 3067 1083 3143 ἀσφαλῆ,
1112 3069 1178 3128 τὸ

285 3151 358 3224 μὴ
405 3154 604 3210 θανοὸν
647 3160 919 3228 πατρῷον
954 3157 1179 3228 αἱμάξαι

287 3241 464 3294 πέδον
490 3234 715 3311 αὐτός.3)
744 3244 898 3311 ξενία
925 3244 984 3298 δὲ
1009 3246 1177 3298 τοῦδε

2042 294 2143 341 243

1259 435 1420 483 θεῖσα
1477 420 1575 483 ὑπ’
1631 422 1822 482 αὐτοῦ.
1904 431 2152 499 χρησμοῦ

1259 510 1361 585 γὰρ
1424 511 1725 584 γεγονότος
1785 524 1904 577 τοῖς
1959 518 2151 583 Μυκη-

1260 601 1436 663 ναίοις
1463 597 1688 653 ἓλέσθαι
1720 599 1951 664 βασιλέα
1978 602 2152 652 Πελο-

1258 686 1427 755 πίδην
1444 688 1494 748 ¹),
1519 685 1946 754 μετεπέμψαντο
1971 677 2155 753 Ἀτρέα

1260 770 1353 822 καὶ
1385 770 1651 839 Θυέστην.
1693 766 1867 838 λόγου
1906 768 1963 821 δὲ
2001 788 2153 838 γενο-

1258 856 1428 924 μένου
1466 855 1595 924 περὶ
1631 857 1731 923 τῆς
1768 854 2049 919 βασιλείας
2074 853 2154 920 ἐξ·

1259 951 1379 993 εῑπε
1445 941 1688 1010 Θυέστης
1756 942 1847 1009 τῷ
1908 938 2154 1010 πλήθει

1259 1021 1365 1095 τήν
1403 1025 1686 1091 βασιλείαν
1725 1025 1841 1078 δεῖν
1869 1022 2011 1092 ἔχειν
2035 1021 2155 1077 τὸν

1260 1108 1492 1179 ἔχοντα
1531 1107 1647 1182 τὴν
1674 1106 1836 1179 ἄρνα
1863 1106 1979 1181 τὴν
2004 1129 2155 1179 χρυ-

1496 1195 1844 1264 συνθεμένου
1919 1195 1978 1248 δὲ
2049 1198 2154 1248 τοῦ

1242 1273 1468 1350 Ἀτρέως
1531 1281 1708 1347 δείξας
1771 1280 2154 1348 ἐβασίλευσέῖ)

1261 1363 1419 1429 Ζευς
1458 1367 1516 1419 δὲ
1536 1357 1734 1438 Ἑρμῆν
1772 1367 1976 1435 πέμπει
2015 1359 2156 1435 πρὸς

1245 1446 1431 1522 Ἀτρέα
1492 1452 1586 1504 καὶ
1642 1452 1789 1520 λέγει
1844 1451 2156 1504 συνθέσθαι

1260 1534 1403 1606 πρὸς
1446 1537 1695 1607 Θυέστην
1743 1538 1870 1606 περὶ
1914 1538 2018 1590 τοῦ
2065 1540 2155 1602 βα-

1263 1625 1512 1676 σιλεῦσαι
1539 1615 1741 1691 Ἀτρέα,
1781 1621 1828 1675 εἰ
1865 1619 1969 1693 τὴν
2001 1620 2156 1675 ἐναν-

1260 1709 1388 1762 τίαν
1427 1700 1642 1762 ὁδεύσει
1675 1699 1926 1771 ὁυΗλιος.
1990 1707 2158 1762 Θυέσ-

1262 1813 1367 1847 του
1407 1794 1466 1847 δὲ
1491 1793 1840 1862 συνθεμένου
1865 1789 1968 1865 τὴν
1996 1789 2155 1846 δύσιν

1264 1878 1339 1941 εἰς
1379 1872 1654 1942 ἀνατολὰς
1694 1870 1727 1932 ὅ
1753 1873 1936 1941 (Ὴλιος
1975 1876 2156 1949 ε’ποιή·

1265 1979 1400 2019 σατο
1417 1981 1427 1991 ·
1470 1957 1609 2018 ὅθεν
1635 1959 2157 2034 ἐκμαρτυρήσαντος

1262 2053 1365 2104 τοῦ
1428 2049 1690 2118 δαίμονος
1744 2048 1848 2121 τὴν
1907 2050 2156 2104 Θυέστου

1262 2137 1617 2203 πλεονεξίαν,
1697 2131 1799 2206 τὴν
1872 2135 2158 2200 βασιλείαν

1245 2214 1460 2291 Ἀτρεὺς
1481 2221 1760 2289 παρέλαβε
1782 2221 1874 2273 καὶ
1907 2221 2156 2290 Θυέστην

1264 2301 1654 2375 ἐφυγάδευσεν.
1723 2302 2058 2374 αἰσθόμενος
2098 2306 2157 2359 δὲ

1265 2394 1364 2461 τῆς
1390 2392 1631 2461 μοιχείας
1668 2384 1907 2459 ὕστερον
1943 2388 2158 2463 κήρυκα

1264 2477 1485 2546 πέμψας
1522 2476 1612 2530 ἐπὶ
1652 2473 1951 2546 διαλλαγὰς
1978 2468 2156 2529 αὐτόν

1264 2559 1462 2617 έκάλει.
1521 2563 1615 2615 καὶ
1642 2560 1991 2631 ψευσάμενος
2018 2557 2159 2615 εἶναι

1266 2648 1453 2716 φίλος,
1499 2648 1957 2717 παραγενομένου
2024 2643 2159 2710 τοὺς

1266 2734 1491 2798 παῖδας,
1545 2725 1643 2795 οὓς
1687 2729 1831 2802 εἶχεν
1870 2732 1932 2786 ἐκ
1969 2731 2159 2802 νηίδος

1268 2815 1503 2888 νύμφης,
1539 2810 1769 2887 Άγλαόν
1818 2819 1909 2871 καὶ
1962 2821 2158 2872 Καλλι·

1268 2904 1469 2957 λέοντα
1513 2904 1607 2956 καὶ
1644 2896 1992 2973 Ὀρχομενόν,
2050 2902 2156 2956 ἐπὶ

1266 2986 1382 3042 τὸν
1432 2986 1581 3052 Διὸς
1637 2983 1858 3057 βωμόν
1905 2991 2157 3041 καθεσ-

1266 3073 1511 3138 θέντας
1548 3073 1769 3138 ἱκέτας
1808 3071 2023 3141 ἔσφαξε,
2063 3074 2157 3125 καὶ

1262 3160 1487 3229 μελίσας
1511 3160 1602 3212 καὶ
1630 3153 1958 3231 καθεψήσας
1983 3178 2157 3228 παρα-

1265 3245 1452 3315 τίθησι
1519 3244 1733 3313 Θυέστῃ
1801 3245 1969 3314 χωρὶς
2039 3246 2159 3297 τῶν

434 3443 467 3491 ¹)
499 3441 598 3484 Hoc
630 3441 916 3486 enuntiatum
948 3442 1082 3487 deest
1111 3443 1157 3486 in
1189 3442 1344 3487 scholl.
1378 3442 1511 3486 Hom.
1543 3446 1590 3487 et
1618 3443 1724 3487 Eur.

432 3513 468 3566 2)
502 3511 601 3555 Hoc
631 3513 914 3557 enuntiatum
947 3514 1164 3558 omissum
1196 3518 1270 3558 est
1300 3514 1344 3556 in
1376 3512 1532 3558 scholl.
1565 3513 1696 3558 Hom.
1730 3518 1777 3558 et
1806 3513 1911 3558 Eur.

434 3583 470 3637 ⁸)
501 3581 566 3627 ci.
597 3582 895 3628 Blomfieldus
925 3597 1010 3640 pro
1042 3585 1154 3628 trad.
1188 3580 1349 3631 αὐτοῦ.
