2548 4218
2019 309 2120 359 255

253 450 576 513 Euripideam
615 451 832 499 Tereum
887 450 1081 499 doctam
1134 464 1242 499 esse
1283 448 1696 499 Wilamowitzius
1743 449 1915 499 docuit
1953 450 2123 510 (Herc.

254 536 345 600 112,
381 536 444 584 ad
480 551 525 583 v.
551 533 721 595 1022),
778 536 847 584 ita
900 539 955 584 ut
1005 536 1123 584 satis
1162 538 1372 598 angusto
1411 535 1649 597 temporis
1688 535 1850 598 spatio
1887 560 1957 567 —
1995 536 2123 584 inter

253 621 476 671 Medeam
515 625 601 670 aut
637 621 909 683 Thyestam
951 624 1000 669 et
1038 621 1307 669 Herculem
1347 649 1416 656 -—
1455 620 1804 668 incluserimus
1830 620 2064 669 Tereum.

394 706 604 755 Liberos
655 706 717 754 ab
770 706 926 755 altero
977 708 1186 769 parente
1240 705 1513 754 trucidatos
1551 701 1826 768 Sophocles
1877 705 2026 754 tertio
2072 706 2121 754 in

251 787 441 855 Tyrone
479 785 643 839 altera
682 791 970 840 tractavisse
1010 790 1222 839 videtur.
1277 791 1469 839 Harum
1498 790 1625 838 enim
1653 789 1957 853 fabularum,
1996 806 2123 852 quae

252 875 417 925 adhuc
444 875 659 925 discerni
687 892 787 924 non
819 876 914 924 iam
941 891 1087 939 posse
1115 875 1426 936 videbantur,
1464 876 1606 924 alteri
1634 873 1881 924 subfuisse
1907 875 2124 938 Tyronis

253 977 363 1010 cum
401 960 512 1010 filiis
547 977 608 1010 ex
634 962 871 1024 Neptuno
899 961 1044 1023 natis,
1080 961 1220 1010 Pelia
1247 964 1296 1010 et
1321 961 1497 1020 Nele0‚
1537 960 1931 1023 recognitionem
1972 964 2122 1023 atque

251 1046 545 1111 supplicium
599 1047 658 1096 de
710 1030 935 1095 noverca¹
981 1050 1254 1110 sumptum,
1309 1046 1452 1096 alteri
1500 1061 1704 1109 prorsus
1743 1046 1887 1094 aliam
1925 1045 2124 1095 fabulae

250 1130 485 1196 formam,
523 1145 590 1181 sc.
628 1133 881 1194 Tyronem
920 1132 1076 1195 ipsius
1116 1131 1315 1195 filiolos,
1367 1131 1503 1194 quod
1543 1131 1792 1181 oraculum
1834 1131 2128 1195 accepisset,

251 1232 339 1267 eos
376 1221 566 1281 patrem
607 1233 750 1266 suum
791 1218 1061 1281 occisuros„
1099 1232 1190 1266 sua
1229 1233 1378 1266 manu
1418 1216 1715 1281 trucidasse,
1752 1217 2125 1280 Engelmannus

252 1296 528 1367 ostendit.¹)
621 1304 798 1366 Itaque
862 1317 1048 1366 pueros
1110 1302 1218 1352 illos
1280 1303 1328 1350 in
1393 1317 1577 1350 scaena
1638 1302 1934 1365 apparuisse
1997 1302 2121 1351 veri-

254 1387 409 1437 simile
450 1391 536 1437 est.

394 1474 585 1523 Pueros
641 1472 886 1536 prodiisse
942 1473 991 1520 in
1049 1472 1328 1536 Sophoclea
1380 1465 1667 1521 Laocoonte
1722 1471 1980 1534 probabile
2038 1476 2126 1535 est,

254 1558 487 1621 quoniam
527 1558 831 1607 Laocoontis
883 1556 1099 1607 filiorum
1153 1551 1262 1622 (qui
1300 1557 1500 1620 quidem
1550 1558 1599 1605 in
1647 1556 1853 1619 antiqua
1891 1559 2127 1606 memoria

252 1643 436 1706 ubique
475 1644 646 1706 pueri
685 1640 820 1702 sunt)
859 1642 1111 1692 interitum
1151 1645 1497 1706 argumentum
1525 1642 1813 1705 tragoediae
1855 1641 2007 1691 fuisse
2042 1642 2127 1692 de-

252 1728 546 1777 monstravit
572 1726 880 1787 Robertus.2)
944 1727 1190 1791 Cognovit
1227 1728 1310 1776 ille
1350 1727 1492 1789 duos,
1530 1742 1628 1776 non
1670 1730 1884 1790 patrem,
1938 1728 2127 1777 occisos

252 1827 361 1862 esse
402 1828 429 1860 a
467 1813 626 1861 Porce
665 1815 714 1861 et
753 1811 1052 1870 Chariboea,
1092 1828 1151 1860 ex
1192 1811 1428 1874 Calydnis
1466 1812 1642 1861 insulis
1680 1811 2001 1875 vehentibus,
2041 1813 2126 1875 qui

251 1897 476 1946 homines
521 1900 698 1961 postea
736 1896 1028 1947 viderentur
1067 1912 1257 1959 angues
1297 1894 1474 1956 facti.3)
1550 1896 1738 1946 Scaena
1777 1901 1888 1946 acta
1927 1897 2127 1947 videtur

253 1986 370 2032 ante
408 1983 646 2046 templum
674 1982 919 2046 Apollinis
945 1982 1270 2046 Thymbraei3
1310 1983 1416 2031 eius
1457 1983 1586 2031 enim
1626 1982 1862 2031 sacerdos
1897 1983 2126 2046 primitus

252 2069 487 2118 Laocoon
527 2067 633 2117 fuit.
708 2070 881 2131 Itaque
922 2067 1047 2117 duos
1084 2083 1271 2132 pueros
1309 2068 1551 2131 prodiisse
1590 2068 1866 2130 putandum
1906 2071 1993 2127 est,
2032 2069 2127 2118 nisi

251 2153 380 2203 forte
409 2153 697 2216 Sophocles,
735 2152 785 2201 id
826 2153 960 2216 quod
1000 2154 1199 2217 saepius
1239 2152 1368 2216 fecit,
1407 2154 1518 2202 illos
1558 2168 1740 2216 pueros
1768 2156 1929 2202 aetate
1955 2153 2127 2217 paullo

253 2239 460 2287 maiores
499 2237 661 2297 finxit,
714 2238 782 2287 ita
821 2242 873 2287 ut
916 2254 1016 2287 non
1056 2256 1085 2288 a
1123 2239 1257 2287 veris
1298 2238 1491 2302 pueris,
1542 2238 1629 2287 sed
1670 2239 1732 2288 ab
1772 2237 1953 2287 adultis
1992 2242 2128 2287 acto-

252 2324 390 2372 ribus
447 2339 620 2372 eorum
679 2326 846 2387 partes
904 2324 1293 2387 susciperentur.
1385 2322 1482 2373 Sed
1540 2339 1619 2372 res
1682 2339 1780 2372 non
1837 2326 2004 2386 potest
2060 2323 2127 2371 di·

257 2408 479 2457 iudicari.

401 2495 457 2542 In
499 2492 759 2556 Sophoclis
799 2486 1018 2556 Captivis
1056 2487 1510 2557 (Αἰχμαλωτίδες)
1550 2492 1873 2556 Astyanactis
1922 2497 2127 2542 mortem

256 2593 541 2642 expressam
579 2577 731 2627 fuisse
770 2582 907 2628 recte
948 2579 1070 2627 vidit
1110 2577 1417 2627 Welckerus.
1494 2578 1731 2638 Quamvis
1771 2581 1937 2627 autem
1978 2579 2130 2628 multa

252 2663 469 2713 frustula
521 2666 739 2723 exstent,
793 2667 958 2713 tamen
1013 2664 1075 2713 de
1127 2679 1399 2727 progressu
1438 2663 1633 2712 fabulae
1671 2679 1832 2726 pauca
1871 2666 2131 2728 apparent.

253 2747 387 2798 Scite
427 2764 586 2812 nuper
625 2749 689 2797 M.
717 2746 1004 2811 Mayerus4)
1044 2749 1104 2798 de
1132 2748 1442 2812 Sophocleae
1472 2749 1792 2811 Captivarum
1832 2753 2127 2810 argumento

255 2834 545 2898 dIsputavit,
582 2830 834 2883 Accianae
872 2834 1071 2883 fabulae
1109 2834 1390 2897 fragmenta
1430 2837 1479 2883 et
1516 2834 1834 2897 hypothesim
1874 2832 2032 2894 (Serv.
2065 2834 2129 2882 ad

253 2919 377 2968 Aen.
419 2919 507 2983 III,
541 2912 667 2982 489)
720 2919 1081 2982 circumspecte
1130 2919 1387 2968 adhibens.
1461 2921 1637 2982 ltaque
1690 2922 1878 2968 tantum
1926 2919 2129 2969 scimus:

255 3003 410 3053 duces
463 3003 767 3053 Achivorum
837 3004 1133 3069 Calchante,
1196 3008 1251 3053 ut
1308 3003 1531 3067 videtur,
1594 3004 1834 3053 suadente
1894 2997 2009 3069 (frg.
2044 3000 2132 3066 39)

255 3090 612 3151 Astyanactem
665 3090 1047 3139 interimendum
1097 3091 1435 3148 constituisse;
1492 3105 1703 3153 puerum
1742 3105 1860 3139 vero
1908 3106 1937 3138 a
1977 3092 2130 3138 matre

254 3173 601 3223 absconditum
639 3174 702 3223 ab
740 3175 888 3223 Ulixe
927 3173 1136 3235 (Procl.)
1187 3179 1439 3238 repertum
1492 3177 1648 3223 morte
1699 3174 1956 3224 multatum
2010 3189 2130 3223 esse.

401 3324 436 3378 1)
467 3322 604 3368 Arch.
630 3323 784 3369 Jahrb.
810 3328 930 3380 1890,
962 3338 1005 3380 p.
1028 3328 1121 3369 171.

402 3394 437 3451 2)
468 3393 573 3438 Bild
603 3394 697 3438 und
726 3394 853 3451 Lied,
885 3409 928 3451 p.
951 3398 1030 3439 192
1048 3408 1149 3452 sqq.

401 3466 438 3520 ⁸)
470 3464 707 3509 Conclusit
735 3465 823 3510 hoc
853 3466 1088 3511 Robertus
1119 3465 1409 3522 potissimum
1441 3478 1499 3509 ex
1529 3465 1670 3510 schol.
1693 3465 1918 3522 Lycophr.
1942 3468 2037 3508 347.

402 3536 438 3593 ⁴)
470 3535 527 3580 M.
552 3536 721 3593 Mayer‚
755 3537 813 3582 de
844 3537 1075 3593 Euripidis
1106 3537 1407 3598 mythopoeia
1437 3537 1586 3598 capita
1617 3536 1733 3592 duo3
1766 3536 1944 3581 dissert.
1977 3536 2128 3600 inaug.

262 3606 412 3657 Berol.
439 3609 558 3663 1883,
590 3619 634 3668 p.
653 3610 705 3651 52
724 3620 792 3666 sq.
