2548 4218
377 308 477 356 262

382 449 704 511 parvulorum
762 450 914 509 atque
972 447 1213 497 clamores
1271 447 1643 511 desperantium
1694 453 1809 498 ante
1860 450 2030 499 oculos
2083 465 2254 498 aures-

382 548 477 596 que
517 537 747 595 poneret:
787 548 900 580 nam
941 547 1058 580 vere
1097 533 1190 582 hoc
1217 533 1555 597 Euripideum.
1619 534 1747 583 Illud
1774 535 2055 598 ambigitur,
2093 539 2253 584 utrum

383 619 524 682 pueri
564 618 630 666 illi
669 618 970 680 puellaeque
1007 618 1282 681 legitimum
1324 619 1531 668 chorum
1573 635 1635 668 an
1664 620 2012 669 secundarium
2040 621 2254 684 aliquem

383 704 471 764 (sc.
496 694 953 769 παραχορήγημα)
993 705 1260 753 effecerint.
1321 704 1388 753 At
1427 706 1520 754 hoc
1559 704 1758 754 omnino
1798 721 1906 754 cum
1947 706 2258 769 obstreperet

384 795 594 838 naturae
632 804 918 853 puerorum,
956 793 1058 837 tum
1098 805 1161 838 ne
1198 789 1335 838 licuit
1376 789 1571 852 quidem
1612 806 1704 854 per
1730 791 2088 840 institutionem
2114 790 2258 840 ludo-

383 891 489 924 rum
531 874 972 938 Dionysiacorum3
1010 890 1121 921 nam
1162 875 1211 923 in
1252 875 1457 936 tragicis
1495 875 1768 939 tetralogiis
1808 876 1970 938 chori,
2007 877 2093 939 qui
2130 877 2259 924 inter

386 976 441 1009 se
498 960 779 1019 certabant,
836 975 898 1008 ex
955 959 1073 1007 viris
1131 960 1446 1022 constabant,
1502 976 1682 1024 nempe
1737 963 1791 1009 ut
1839 960 2043 1023 paribus
2089 962 2261 1009 contra

383 1060 532 1109 pares
574 1047 865 1093 certaretur.
939 1044 1034 1093 Sed
1075 1044 1154 1092 fac
1192 1045 1438 1107 legitimos
1484 1045 1752 1096 choreutas
1790 1061 2056 1109 puerorum
2095 1049 2262 1109 partes

386 1131 547 1193 egisse
588 1128 758 1192 (quod
785 1145 875 1192 per
913 1144 967 1177 se
1007 1146 1105 1178 non
1146 1133 1223 1178 est
1248 1128 1555 1189 verisimile):
1594 1130 1735 1180 adest
1761 1130 2107 1194 fragmentum,
2147 1146 2261 1193 qu0‚

385 1222 438 1265 ut
475 1216 727 1264 Robertus
765 1230 842 1262 me
882 1214 1066 1277 docuit,
1118 1230 1221 1263 rem
1271 1230 1370 1264 non
1422 1216 1490 1264 ita
1529 1231 1637 1265 esse
1678 1215 2058 1265 demonstratur.
2132 1216 2262 1264 Nam

391 1317 453 1350 ex
493 1300 648 1349 nobili
687 1299 773 1347 illa
811 1300 1028 1362 pastoris
1066 1300 1357 1350 narratione
1396 1299 1510 1363 (frg.
1533 1298 1674 1364 382),
1712 1317 1809 1364 qua
1846 1301 2030 1350 Thesei
2068 1316 2264 1363 nomen,

388 1385 523 1449 quod
562 1385 776 1434 fortasse
815 1386 865 1432 in
904 1385 1048 1434 navis
1086 1401 1238 1448 prora
1276 1386 1515 1450 scriptum
1555 1386 1773 1449 viderat,
1811 1386 2087 1435 litterarum
2126 1385 2264 1434 rudis

388 1471 577 1535 reddit,
625 1472 852 1532 sequitur
902 1470 1108 1534 Thesei,
1159 1486 1226 1520 sc.
1266 1486 1376 1519 cum
1429 1472 1620 1534 pueriS,
1669 1471 1937 1520 adventum
1987 1472 2036 1520 in
2082 1486 2266 1520 scaena

393 1557 674 1606 nuntiatum
713 1570 845 1614 esse3
885 1557 1089 1605 nuntios
1128 1560 1291 1605 autem
1333 1557 1383 1605 in
1423 1557 1646 1620 prolog0‚
1687 1560 1803 1605 ante
1841 1557 1978 1606 chori
2012 1555 2266 1620 parodum,

390 1641 593 1706 prodire
633 1657 734 1690 non
773 1644 881 1691 erat
919 1642 1177 1705 usitatum3
1214 1642 1383 1705 itaque
1416 1642 1533 1691 huic
1561 1643 1730 1691 nuntio
1760 1642 1965 1691 chorum
1994 1643 2266 1704 legitimum

393 1728 659 1790 adstitisse,
684 1728 769 1789 qui
794 1726 1009 1776 fortasse
1038 1743 1098 1775 ex
1117 1727 1440 1777 Cretensibus
1469 1727 1771 1791 compositus
1799 1732 1920 1788 erat,
1947 1743 2045 1776 non
2068 1741 2267 1790 puerOS,

392 1818 613 1878 apparet.
649 1838 719 1845 --
758 1814 918 1861 Veros
956 1827 1174 1875 pueros
1213 1813 1348 1862 illum
1390 1813 1595 1862 chorum
1635 1813 1986 1862 secundarium
2014 1812 2267 1870 formasse,

394 1913 681 1961 quanquam
722 1913 783 1946 ex
823 1898 1018 1960 vulgari
1071 1897 1306 1947 memoria
1353 1899 1615 1961 propiores
1653 1898 2022 1947 adulescentiae
2060 1895 2270 1961 putandi

395 1981 577 2045 sunt,¹)
633 1983 981 2046 Aristophanis
1031 1983 1242 2045 parodia
1293 1982 1518 2032 efficitur.
1598 1983 1664 2032 At
1714 1982 1982 2046 Euripides
2034 1983 2268 2031 maiorem

394 2070 493 2117 vim
539 2069 589 2117 in
629 2083 896 2131 puerorum
944 2083 1090 2131 quam
1130 2069 1180 2116 in
1220 2068 1611 2118 adulescentium
1658 2069 1824 2132 specie
1875 2071 1925 2117 et
1972 2066 2271 2117 clamoribus

394 2157 558 2205 inesse
597 2156 721 2204 scite
749 2156 1024 2218 perspexit3
1065 2154 1224 2203 fusius
1251 2154 1315 2204 de
1341 2155 1435 2203 hac
1463 2155 1755 2218 quaestione
1780 2154 1909 2204 infra
1935 2153 2000 2217 (p.
2024 2157 2126 2204 274
2146 2151 2272 2216 sqq.)

398 2240 743 2304 disputabitur.
818 2240 999 2303 Itaque
1046 2255 1296 2289 sumamus
1340 2255 1525 2304 pueros
1573 2256 1665 2304 pro
1703 2240 1956 2302 Euripidis
2010 2245 2272 2288 consuetu-

397 2326 512 2374 dine
563 2331 787 2374 extremo
835 2326 1072 2388 pericu10,
1127 2341 1236 2374 cum
1290 2331 1458 2394 essent
1495 2326 1558 2374 ad
1598 2326 1935 2375 Minotaurum
1974 2323 2275 2386 abducendi,

397 2427 548 2460 voces
588 2412 715 2475 illas,
753 2426 877 2474 quas
914 2411 1185 2460 scholiasta
1223 2411 1444 2474 tradidit,
1493 2412 1783 2460 coniunctos
1822 2410 2077 2474 cecinisse,
2124 2413 2275 2458 antea

398 2498 631 2546 tacuisse.
726 2496 1002 2546 Evidenter
1059 2498 1188 2545 enim
1246 2492 1400 2559 Le02)
1461 2498 1619 2546 Iahnii
1676 2495 1847 2556 (Arch.
1880 2496 2030 2546 Beitr.
2075 2511 2120 2558 p.
2152 2491 2274 2554 255)
2339 2499 2349 2505 “

401 2585 756 2642 coniecturam,
795 2598 980 2647 pueros
1020 2583 1244 2647 singulos
1284 2582 1346 2631 de
1384 2598 1474 2632 sua
1511 2587 1646 2632 sorte
1685 2585 1984 2646 conquestos
2011 2596 2119 2630 esse
2144 2580 2276 2630 arbi-

399 2671 531 2734 trati,
569 2670 823 2734 refutavit,
863 2685 975 2718 cum
1013 2684 1211 2718 versum
1252 2669 1411 2718 illum:

656 2758 936 2835 ἀνόνητον
977 2755 1174 2833 ἄγαλμ’
1203 2752 1249 2816 ὦ
1286 2760 1464 2832 πάτερ
1503 2761 1708 2816 οἴκοισι
1745 2760 1949 2828 τεκών,

402 2885 548 2932 quem
588 2869 850 2932 Hippolyti
890 2884 998 2918 esse
1037 2868 1191 2917 schol.
1218 2870 1303 2917 Ar.
1342 2867 1564 2926 tradidit,
1602 2883 1702 2916 non
1742 2882 1802 2915 ex
1840 2866 2053 2928 Theseo,
2091 2864 2178 2913 sed
2216 2879 2277 2912 ex

404 2955 679 3018 Hippolyto
719 2956 901 3003 velato.
926 2958 1177 3018 sumptum
1217 2969 1326 3003 esse
1366 2954 1637 3002 evinceret.

546 3056 603 3103 In
639 3050 896 3119 Hippolyto
924 3050 1107 3118 priore,
1147 3071 1295 3118 quem
1322 3058 1508 3103 vocant
1532 3049 1765 3113 velatum,
1805 3065 1990 3115 pueros
2018 3051 2067 3098 in
2097 3064 2280 3098 scaena

405 3141 555 3189 fuisse
610 3156 670 3189 ex
722 3141 918 3190 duobus
971 3141 1297 3204 sarcophagis
1346 3140 1581 3203 probavit
1629 3137 1693 3187 A.
1720 3132 2126 3194 Kalkmannus.3)
2201 3135 2278 3182 In-

404 3227 675 3275 veniuntur
714 3227 841 3275 enim
881 3227 929 3274 in
970 3241 1150 3290 magno
1191 3241 1362 3275 eorum
1389 3225 1811 3287 sarcophagorum
1839 3236 2063 3284 numero,
2101 3220 2281 3283 quibus

551 3406 587 3463 1)
620 3405 679 3450 cf.
710 3406 760 3451 Ο.
781 3406 914 3463 Jahn,
945 3406 1082 3451 Arch.
1105 3406 1243 3450 Beitr.
1274 3419 1317 3461 p.
1335 3409 1410 3449 251
1447 3407 1494 3449 et
1523 3403 1639 3448 Plut.
1661 3401 1799 3447 Thes.
1822 3400 1910 3446 XV
1928 3413 1996 3456 sq.

552 3479 587 3534 2)
620 3478 794 3523 Seneca
823 3478 858 3533 I,
890 3492 935 3534 p.
956 3483 1034 3523 180
1053 3492 1153 3535 sqq.

554 3550 591 3605 ³)
624 3549 692 3594 De
739 3550 1007 3607 Hippolytis
1053 3549 1314 3608 Euripideis
1372 3547 1668 3609 quaestiones
1714 3557 1885 3607 novae,
1940 3543 2130 3588 Bonnae
2164 3543 2288 3601 1882,

413 3635 455 3677 p.
478 3625 528 3665 38
547 3634 647 3679 sqq.
