2548 4218
406 295 507 367 278

403 432 803 496 cognoscendam
862 448 971 483 esse
1028 432 1175 483 facile
1232 434 1520 483 eonieeeris.
1598 434 1741 496 Quod
1792 438 1848 485 ut
1896 435 2088 486 facilius
2137 437 2275 485 intel-

403 518 672 582 legeretur,
710 534 882 568 omnes
921 534 1005 568 eos
1041 519 1193 583 Ιοοοε,
1229 518 1365 568 unde
1393 518 1527 582 quod
1554 520 1699 570 modo
1726 510 2018 571 adumbravi
2046 521 2274 582 efficitur,

403 604 452 651 in
495 619 593 652 uno
633 607 906 667 conspeetu
944 605 1110 668 posui:
1147 605 1273 653 Aiax
1314 599 1537 668 552s53:

656 684 844 737 καίτοι
882 697 940 737 σε
978 683 1070 737 καὶ
1109 686 1216 737 νῦν
1253 681 1430 738 τοῦτό
1469 705 1529 754 γε
1567 687 1776 755 ζηλοῦν
1813 682 1918 755 ἔχω

656 760 926 823 ὁθούνεκ’
953 762 1121 823 οὐδὲν
1158 762 1328 823 τῶνδ’
1355 767 1686 824 ἐπαισθάνει
1723 774 1935 826 κακῶν.
2014 804 2019 806 -

403 866 527 922 Oed.
554 875 610 922 R.
640 876 799 923 1511:

656 954 817 1023 σφῶν
855 944 904 1007 δ’
930 947 976 1007 ῶ
1014 947 1180 1020 τέκν’,
1221 953 1267 1007 εἰ
1303 953 1405 1024 μὲν
1443 954 1654 1026 εἰχέτην
1690 947 1794 1026 ἤδη
1834 956 2057 1026 φρένας,

654 1034 821 1092 πόλλ’
848 1032 918 1093 ἂν
957 1035 1263 1108 παρῄνουν.

398 1143 583 1192 Alcest.
613 1141 735 1205 189!
742 1147 810 1194 90
849 1143 932 1203 (de
971 1161 1070 1208 quo
1098 1145 1210 1194 vide
1237 1149 1415 1203 tamen,
1456 1160 1584 1207 quae
1610 1144 1742 1194 infra
1770 1145 2033 1210 disputabo
2061 1162 2107 1209 p.
2128 1145 2272 1206 280):

652 1223 846 1287 παῖδες
885 1223 943 1278 δὲ
981 1224 1215 1278 πέπλων
1250 1220 1460 1296 μητρὸς
1498 1223 1860 1294 ἐξηρτημένοι

656 1306 909 1363 ἔκλαιον·
949 1301 982 1380 ἦ
1023 1310 1082 1363 δὲ
1121 1302 1463 1380 λαμβάνουσ’
1490 1308 1543 1374 ές
1583 1303 1821 1380 ἀγκάλας
1857 1315 1974 1365 κτλ.

399 1414 512 1464 ibid.
545 1418 673 1466 403:

654 1484 684 1546 ὁ
725 1489 819 1556 σὸς
857 1494 991 1547 ποτὶ
1030 1504 1176 1548 σοῖσι
1213 1495 1435 1548 πίτνων
1473 1491 1742 1564 στόμασιν
1782 1492 2028 1559 νεοσσός.

404 1597 581 1646 Medea
619 1601 686 1647 47
709 1610 837 1661 sqq.:

655 1670 773 1731 ἄλλ’
801 1676 917 1731 οἵδε
956 1677 1150 1741 παῖδες
1189 1677 1252 1731 ἐκ
1288 1675 1511 1749 τρόχων
1547 1679 1896 1749 πεπαυμένοι

658 1764 951 1833 στείχουσι,
986 1756 1195 1834 μητρὸς
1234 1756 1401 1818 οὐδὲν
1437 1762 1804 1834 ἐννοούμενοι

653 1851 849 1902 κακῶν
886 1853 1002 1903 κτλ.

396 1954 512 2004 ibid.
546 1957 705 2005 1075:

652 2027 698 2086 ῶ
733 2030 1027 2103 μαλθακὸς
1060 2030 1211 2104 χρῶς
1248 2031 1468 2104 πνεῦμά
1506 2027 1564 2088 θ’
1590 2029 1821 2106 ἥδιστον
1859 2035 2090 2089 τέκνων.

396 2138 634 2188 Androm.
660 2142 788 2189 441:

648 2207 682 2291 ἧ
720 2219 814 2272 καὶ
853 2217 1093 2273 νεοσσὸν
1130 2212 1288 2273 τόνδ’
1313 2211 1429 2274 ὑπὸ
1468 2221 1696 2290 πτερῶν
1736 2217 1979 2285 σπάσας,·

393 2309 511 2358 ibid.
540 2313 664 2360 504:

646 2393 820 2461 μᾶτερ
859 2393 1048 2462 μᾶτερ,
1087 2386 1196 2461 ἐγώ
1236 2391 1294 2446 δὲ
1333 2394 1402 2465 σᾷ
1440 2392 1673 2463 πτέρυγι
1712 2394 2153 2463 συγκαταβαίνω.

391 2481 506 2530 ibid.
537 2486 662 2532 722:

649 2560 781 2633 ἕρπε
822 2555 971 2633 δεῦρ’
996 2551 1096 2617 ὑπ’
1123 2556 1385 2633 ἀγκάλας,
1426 2563 1645 2634 βρέφος.

392 2653 506 2702 ibid.
536 2657 658 2704 755:

650 2735 744 2787 καὶ
782 2736 956 2789 παῖδα
994 2732 1158 2789 τόνδε
1197 2732 1421 2804 νήπιον.

394 2826 648 2875 Heraclid.
676 2830 766 2877 91:

648 2899 792 2960 ἀλλὰ
827 2910 928 2962 τοῦ
970 2906 1093 2961 ποτ’
1125 2907 1186 2961 ἐν
1219 2907 1361 2978 χειρὶ
1399 2911 1470 2981 σᾷ
1507 2909 1747 2978 κομίζεις

647 2990 853 3063 κόρους
884 3004 1236 3063 .νεοτρεφεῖς;

393 3084 505 3133 ibid.
534 3087 656 3135 239:

646 3167 842 3227 θακεῖς
880 3166 1131 3218 νεοσσῶν
1167 3157 1322 3236 τήνδ’
1349 3163 1490 3234 ἔχων
1530 3157 1813 3237 ὁμήγυριν.

391 3257 599 3306 Hecuba
629 3259 785 3307 1158:

646 3329 796 3390 τέκν’
823 3336 885 3390 ἐν
918 3346 1110 3407 χεροῖν
1148 3334 1415 3391 ἔπαλλον.

393 3429 597 3478 Hercul.
627 3432 715 3478 71:

649 3507 704 3562 οἱ
741 3501 800 3561 θ’
833 3505 1148 3579 Ἡράκλειοι
1185 3509 1398 3575 παῖδες,
1438 3501 1538 3573 οὓς
1574 3506 1684 3563 ὑπὸ
1722 3521 1948 3580 πτεροῖς

648 3590 809 3661 σώζω
848 3591 1113 3658 νεοσσοὺς
1152 3589 1306 3665 ὄρνις
1345 3587 1420 3658 ῶς
1457 3586 1808 3665 ὑφειμένους.
