2548 4218
478 242 577 288 272

475 381 637 429 Puero
695 380 973 429 ambulanti
1028 381 1147 429 talia
1201 381 1297 429 dici
1355 397 1454 431 non
1511 386 1736 445 possunt.
1810 383 2043 434 Similiter
2099 400 2250 448 supra
2298 386 2346 434 in

475 463 758 513 Troadibus
800 464 1138 514 demonstravi
1179 466 1342 513 verbis
1380 465 1761 516 Andromachae
1799 468 1894 517 his:

729 539 1040 613 πρόσπιτνε
1077 540 1183 613 τὴν
1221 547 1519 610 τεκοῦσαν,
1559 539 1697 614 ἀμφὶ
1737 538 1785 599 δ’
1812 541 2025 612 ὠλένας

734 620 900 682 ἕλισσ’
928 627 1079 698 ἐμοῖς
1117 625 1347 683 νώτοισι
1383 634 1505 685 κτλ.

476 718 682 768 indicari
710 719 1065 781 Astyanactem
1105 735 1135 768 a
1172 723 1326 769 matre
1367 721 1612 770 sublatum
1653 737 1776 771 esse.
1830 723 2020 772 Tamen
2055 740 2116 774 ex
2141 725 2351 774 nutricis

476 805 641 852 verbis
682 805 880 853 minime
918 804 966 852 id
1007 805 1123 853 mihi
1161 807 1444 854 necessario
1485 806 1651 871 colligi
1679 807 1896 871 videtur,
1933 825 2105 858 verum
2140 825 2348 872 puerum

475 889 525 937 in
579 905 759 938 scaena
810 889 986 948 fuisse;
1043 891 1206 954 immo,
1250 890 1440 940 simodo
1491 892 1576 940 tali
1614 892 1840 956 imagini,
1888 895 2094 943 nutricis
2131 911 2241 943 cum
2280 896 2350 944 in-

476 975 629 1038 fante,
665 975 1017 1038 depingendae
1055 979 1210 1024 artem
1251 990 1389 1024 suam
1417 977 1684 1040 Euripides
1716 978 1972 1040 impertire
1999 979 2169 1042 voluit,
2205 979 2349 1028 etiam

476 1061 633 1110 verba
672 1060 854 1109 nutrici
893 1060 1064 1110 debuit
1100 1061 1333 1125 tribuere,
1372 1076 1502 1125 quae
1541 1063 1673 1112 vitae
1711 1064 1934 1126 vigorem
1974 1063 2232 1113 referrent.
2301 1064 2353 1114 Si

476 1149 640 1195 autem
693 1146 755 1195 ob
805 1144 1071 1194 indicatam
1126 1147 1370 1196 actionem
1410 1163 1581 1197 verum
1622 1163 1830 1211 puerum
1882 1150 1931 1198 in
1971 1165 2154 1198 scaena
2198 1149 2351 1199 fuisse

475 1234 637 1294 putas,
676 1247 776 1280 non
815 1230 1079 1295 infantem,
1127 1231 1215 1281 sed
1255 1235 1373 1281 natu
1412 1234 1671 1297 maiorem,
1709 1233 1812 1284 fere
1853 1236 1892 1284 V
1922 1250 2178 1298 annorum,
2216 1235 2352 1297 cogi-

475 1320 583 1364 tare
623 1315 793 1380 debes,
842 1321 898 1364 ut
935 1317 1134 1365 omnino
1175 1317 1367 1366 muneri
1405 1317 1475 1365 illi
1512 1333 1606 1380 par
1644 1318 1794 1368 fuisse
1834 1318 2080 1368 videatur.
2153 1319 2221 1369 At
2258 1320 2353 1368 hoc

476 1400 745 1450 absurdum
787 1404 863 1450 est
901 1401 1107 1450 credere
1146 1402 1438 1466 Euripidem
1477 1403 1706 1452 histrioni
1757 1419 1849 1466 per
1888 1420 2115 1467 magnam
2154 1403 2352 1454 fabulae

475 1490 669 1548 partem
720 1486 833 1535 talis
879 1486 1022 1548 pueri
1060 1501 1187 1535 onus
1224 1488 1520 1550 imposuisse
1558 1488 1916 1537 sustinendum.
1991 1490 2142 1538 Immo
2180 1493 2353 1552 gestus

476 1572 618 1633 pueri
659 1570 943 1634 fingitur,
981 1572 1111 1620 sicut
1149 1572 1198 1619 in
1238 1572 1503 1635 Iphigenia
1528 1573 1789 1623 Aulidensi
1830 1574 1996 1623 verbis
2035 1574 2110 1623 his
2150 1573 2352 1634 (1245):

734 1648 878 1715 ἰδού,
919 1653 1152 1704 σιωπῶν
1192 1652 1435 1704 λίσσεταί
1474 1643 1522 1705 σ’
1550 1646 1651 1718 ὅδ’,
1691 1641 1739 1705 ὦ
1773 1651 1951 1723 πάτερ

476 1740 623 1790 ficta
659 1742 857 1804 parvuli
897 1740 1088 1790 Orestis
1129 1739 1421 1804 (simulacri)
1462 1744 1591 1792 actio
1630 1744 1896 1794 indicatur.
1921 1770 1991 1777 —
2033 1744 2194 1806 Quam
2233 1747 2353 1795 mire

477 1842 596 1876 vero
652 1828 739 1876 has
778 1828 1044 1877 blanditias
1094 1829 1188 1876 arti
1243 1843 1362 1877 suae
1411 1830 1635 1892 tragicae
1684 1829 1965 1879 adhibuerit
2004 1834 2167 1894 poeta,
2205 1832 2256 1880 in
2294 1847 2353 1881 co

478 1913 749 1976 cernimus,
807 1912 942 1975 quod
994 1914 1220 1963 consulto
1272 1915 1404 1962 hunc
1453 1915 1598 1977 pueri
1646 1930 1859 1964 amorem
1901 1915 1971 1964 illi
2010 1916 2150 1965 fatali
2189 1916 2355 1979 negle-

479 1998 678 2061 gentiae
718 1999 976 2062 opposuit,
1015 2014 1106 2061 per
1144 2014 1294 2062 quam
1332 2015 1460 2062 puer
1493 2001 1636 2063 perit.
1673 1993 1744 2033 -’-
1798 2002 1983 2050 Postea
2021 2002 2248 2063 nuntius,
2302 2005 2356 2052 ut

477 2084 668 2146 opinor,
721 2084 1023 2147 Argivorum
1074 2084 1279 2148 prodiit,
1316 2085 1397 2133 vel
1435 2085 1542 2147 ipse
1592 2085 1804 2135 fortasse
1843 2085 2112 2145 AdrastuS,
2170 2086 2355 2136 fontem

478 2184 746 2232 quaerens3
802 2169 1134 2233 Hypsipylam
1187 2173 1349 2219 autem
1403 2174 1523 2232 puto
1563 2173 1796 2233 primum,
1854 2187 1971 2219 num
2009 2176 2178 2234 posset
2215 2172 2354 2221 salvo

479 2270 570 2303 suo
611 2271 733 2318 erga
769 2270 977 2318 puerum
1028 2254 1190 2304 officio
1242 2255 1304 2303 ad
1344 2256 1532 2304 fontem
1574 2257 1725 2319 abire,
1782 2256 2098 2320 deliberasse,
2152 2257 2353 2306 tandem

479 2342 660 2390 abiisse
701 2357 809 2390 cum
852 2342 951 2391 illo.
1026 2343 1141 2390 Huc
1179 2346 1373 2404 spectat
1410 2342 1503 2405 frg.
1527 2345 1650 2392 753:

736 2424 899 2490 δείξω
936 2424 1039 2492 μὲν
1071 2416 1391 2494 Ἀργείοισιν
1424 2419 1690 2493 Ἀχελῴου
1730 2421 1883 2494 ῥόον.

479 2515 618 2575 Quae
665 2531 726 2563 ex
766 2516 927 2563 nuntii
967 2515 1252 2564 narratione
1291 2522 1489 2578 sumpta
1527 2530 1637 2563 esse
1676 2516 1759 2563 vix
1786 2515 2001 2579 credam,
2040 2516 2174 2579 quod
2199 2515 2357 2565 'verba

481 2602 723 2650 verbatim
765 2616 823 2649 ex
864 2601 1083 2650 absentis
1123 2616 1353 2650 sermone
1395 2617 1492 2649 non
1534 2601 1627 2649 nisi
1667 2602 1935 2664 praecipue
1961 2602 2174 2665 insignia
2201 2601 2358 2663 (velut

478 2688 526 2735 in
582 2703 799 2749 pugnam
853 2686 1150 2744 hortamina)
1203 2687 1434 2735 citantur.
1509 2686 1722 2735 Chorum
1775 2691 1896 2749 puto
1949 2703 2009 2735 ex
2057 2689 2355 2750 Argivorum

479 2772 711 2822 militibus
763 2773 1059 2833 constitisse,
1116 2773 1233 2834 quia
1285 2776 1334 2820 et
1384 2772 1699 2835 aliquomodo
1751 2772 2000 2821 exercitus
2054 2773 2355 2835 Argivorum

480 2858 696 2906 debebat
733 2858 1101 2922 repraesentari
1155 2862 1204 2906 et
1240 2857 1506 2920 indigenas
1545 2858 1738 2920 aliquos
1778 2857 2008 2913 (fortasse
2046 2859 2357 2921 Hypsipylae

482 2941 683 3002 amicas)
723 2948 995 3006 propterea
1034 2960 1132 2992 non
1173 2943 1429 3007 probabile
1469 2948 1544 2992 est
1582 2944 1786 2992 chorum
1816 2944 2054 3006 effecisse,
2092 2943 2209 3006 quia
2236 2948 2356 2992 tunc

479 3046 685 3091 puerum
726 3045 893 3078 secum
932 3029 1214 3078 abducendi
1254 3045 1353 3077 non
1394 3032 1501 3077 erat
1537 3029 1854 3093 Hypsipylae
1894 3044 2066 3092 causa,
2115 3029 2357 3092 siquidem

482 3115 632 3164 choro
671 3117 834 3178 potuit
872 3130 1081 3178 puerum
1122 3113 1323 3163 tradere
1363 3113 1755 3163 custodiendum.
1831 3114 2043 3164 Chorum
2083 3117 2247 3164 autem
2285 3114 2356 3163 illi

479 3216 691 3250 scaenae
730 3200 978 3249 adstitisse
1017 3205 1287 3263 propterea
1320 3215 1525 3248 necesse
1553 3205 1641 3260 est,
1680 3199 1813 3262 quod
1841 3200 1891 3247 in
1918 3200 2128 3264 prologo
2156 3199 2356 3249 omnino

479 3288 606 3335 actio
659 3287 800 3335 nulla
850 3286 916 3334 fit.
990 3287 1174 3335 Postea
1226 3301 1350 3348 puer
1405 3288 1630 3334 mortuus
1669 3285 1718 3332 in
1757 3299 1988 3333 scaenam
2030 3285 2216 3333 relatus
2254 3288 2357 3348 est3

480 3372 820 3435 sequebantur
860 3387 932 3431 ea,
974 3387 1102 3434 quae
1140 3372 1237 3420 iam
1277 3371 1500 3434 exposui.

623 3461 677 3508 In
720 3453 919 3523 Polyido
959 3458 1226 3523 Euripides
1279 3464 1443 3508 notam
1491 3458 1623 3506 illam
1664 3457 1907 3522 fabulam,
1961 3473 2109 3520 quam
2147 3457 2353 3507 eandem

483 3544 756 3609 Sophocles
796 3543 861 3606 (V.
899 3561 944 3609 p.
967 3543 1107 3606 259),
1146 3546 1393 3594 tractavit.
1450 3544 1674 3607 Quorsus
1712 3546 1861 3610 poeta
1899 3543 2206 3611 tragoediam
2245 3559 2355 3611 pro·
