2548 4218
465 289 567 337 270

466 430 771 488 strenueque
830 425 1007 487 egisse,
1074 426 1129 473 ut
1186 423 1541 487 Astyanactem
1597 421 1950 485 Sophocleum,
2013 423 2335 471 Menoeceum

465 510 802 575 Euripideum,
842 510 982 568 alios,
1022 510 1107 572 qui
1145 524 1316 558 omnes
1355 508 1573 558 eiusdem
1613 507 1805 570 aetatis,
1843 522 2014 556 omnes
2051 507 2112 556 ab
2138 506 2338 555 histrio·
2387 525 2390 528 ⁴

464 597 611 647 nibus
649 596 1011 660 repraesentati
1051 598 1169 644 sunt
1206 592 1290 654 (cf.
1328 609 1481 658 supra
1517 594 1724 656 p.256).
1799 593 1999 642 Tribuit
2037 593 2081 642 ei
2119 592 2214 654 frg.
2244 592 2339 639 inc.

464 683 559 732 hoc
598 677 770 748 (858):

806 753 926 814 ἀλλ’
951 754 1048 832 ἥδε
1084 752 1139 829 μ’
1165 758 1447 828 ἐξέσωσεν,
1484 753 1581 830 ἥδε
1617 777 1712 829 μοι
1747 753 1978 828 τροφός,

801 842 997 918 μήτηρ,
1038 837 1266 915 ἀδελφή,
1306 845 1494 913 δμωὶς,
1536 840 1767 914 ἄγκυρα,
1807 843 1986 912 στέγη.

465 952 561 1003 Sed
602 953 696 1001 hoc
734 952 994 1001 incertum.

606 1124 708 1171 Iam
760 1125 917 1172 restat
964 1120 1175 1170 ultima
1226 1119 1530 1183 Euripideae
1580 1119 1747 1183 poesis
1785 1121 1936 1167 aet-as.
2011 1117 2102 1167 Cui
2141 1119 2340 1179 praeter

464 1223 548 1257 eas
587 1222 712 1270 quas
751 1211 974 1256 servatas
1013 1207 1254 1256 habemus
1292 1205 1489 1254 fabulas
1528 1219 1799 1268 puerorum
1832 1207 2000 1267 partes
2034 1202 2332 1266 praebentes

462 1296 660 1357 assigno
699 1294 787 1342 has
827 1296 949 1342 tres:
987 1292 1407 1357 Hypsipylam,
1448 1291 1697 1353 Augam,
1738 1289 2063 1353 Polyidum.

609 1388 922 1457 Hypsipylae,
962 1392 1105 1442 cuius
1143 1395 1342 1456 tempus
1381 1407 1442 1440 ex
1479 1390 1632 1440 schol.
1658 1389 1745 1439 Ar.
1770 1405 1877 1438 ran.
1906 1390 1970 1438 53
2004 1388 2123 1437 satis
2149 1390 2337 1437 certum

464 1481 646 1529 scimus
686 1476 1027 1542 (411—408),
1077 1477 1325 1528 subfuisse
1363 1479 1712 1538 argumentum
1754 1478 1922 1524 notum
1962 1470 2152 1536 illud‚1)
2204 1472 2340 1536 quod

465 1570 541 1615 est
579 1565 642 1614 de
681 1564 928 1628 Opheltae
967 1567 1124 1613 morte
1170 1563 1504 1625 ludorumque
1542 1563 1844 1611 Nemeorum
1882 1559 2211 1618 institutione,
2260 1558 2343 1607 vel

464 1667 525 1700 ex
565 1651 710 1700 titulo
750 1655 800 1700 et
837 1651 1129 1714 fragmentis
1167 1650 1344 1698 elucet.
1401 1647 1577 1709 Qualis
1614 1647 1765 1696 fuerit
1802 1660 2101 1709 progressus
2128 1645 2341 1703 fabulae,

470 1754 531 1787 ex
586 1737 877 1800 fragmentis
931 1752 1029 1785 non
1082 1737 1175 1784 iam
1229 1738 1367 1784 certo
1421 1734 1655 1796 cognosci
1706 1737 1885 1796 potest.
1975 1732 2085 1780 Hoc
2135 1734 2344 1793 constat,

464 1823 627 1871 locum
684 1822 896 1872 actionis
952 1821 1108 1870 fuisse
1163 1825 1280 1869 ante
1332 1821 1462 1869 Iovis
1512 1819 1748 1882 templum
1801 1818 1865 1867 ad
1902 1818 2140 1866 Nemeam
2195 1816 2342 1865 situm

465 1907 579 1971 (fl-g.
603 1906 739 1968 764).
813 1909 947 1956 Puer
985 1911 1211 1956 mortuus
1260 1906 1310 1954 in
1345 1921 1578 1955 scaenam
1619 1907 1914 1968 apportatus
1953 1906 2028 1952 est
2067 1901 2220 1966 (quod
2261 1901 2341 1950 vel

464 2010 556 2057 per
606 2009 659 2043 se
709 1998 1097 2043 consentaneum
1150 1995 1225 2041 est
1263 1995 1311 2040 et
1349 2007 1410 2041 ex
1451 1991 1654 2040 vasculo
1695 1987 1961 2053 quodam2)
2004 1985 2177 2052 patet).
2251 1988 2344 2036 Pa-

463 2084 634 2129 rentes
662 2085 953 2143 queruntur.
1017 2077 1302 2141 Hypsipyla
1341 2078 1390 2125 in
1428 2077 1690 2126 discrimen
1735 2079 1914 2125 vocata
1952 2074 2014 2123 ab
2040 2073 2344 2138 Amphiarao

466 2165 773 2229 defenditur,
811 2165 897 2228 qui
936 2165 1079 2214 etiam
1108 2167 1313 2214 matrem
1342 2162 1648 2226 Eurydicam
1677 2158 2021 2218 consolatur.3)
2078 2159 2345 2209 Liberatur

465 2251 752 2315 Hypsipyla
803 2267 832 2299 a
869 2250 984 2299 filiis
1023 2251 1126 2299 suis
1164 2241 1596 2314 appa1·entibus,4)
1648 2262 1775 2311 quos
1814 2246 2013 2310 peperit
2051 2260 2113 2293 ex
2151 2246 2345 2294 Iasone.

465 2337 715 2386 Adrastus
755 2337 901 2385 ludos
941 2336 1180 2385 funebres
1217 2335 1442 2384 instituit.
1480 2359 1548 2366 —
1603 2333 1875 2396 Prologum
1917 2331 2199 2380 necessario
2236 2329 2345 2393 ipsa

465 2422 753 2486 Hypsipyla
791 2421 936 2479 dixit3
989 2422 1143 2470 verba
1182 2421 1310 2470 enim
1349 2420 1616 2484 fragmenti
1658 2421 1757 2469 752
1798 2433 1897 2467 non
1937 2421 2172 2480 possunt,
2209 2415 2344 2478 quod

466 2507 761 2557 Welckerus
812 2508 988 2566 voluit,
1049 2507 1276 2569 Dionyso
1327 2506 1499 2569 tribui,
1557 2505 1640 2569 qui
1690 2519 1790 2553 non
1841 2503 1989 2552 tertia
2035 2501 2097 2551 de
2135 2516 2346 2551 seusus

467 2597 597 2642 esset
634 2608 851 2656 persona
889 2591 1006 2656 (frg.
1029 2595 1146 2656 752,
1168 2595 1221 2642 3:
1260 2586 1449 2658 πηδᾷ).
1501 2591 1615 2640 Non
1656 2605 1783 2654 opus
1811 2592 1885 2638 est
1910 2588 2120 2652 primum
2147 2601 2344 2636 versum

467 2679 712 2728 excidisse
760 2682 954 2742 putare,
1005 2679 1296 2741 praesertim
1352 2693 1461 2726 cum
1509 2677 1661 2725 schol.
1687 2676 1773 2724 Ar.
1801 2691 1905 2723 ran.
1936 2677 2069 2723 1211
2109 2672 2346 2722 affirmet:

463 2756 765 2830 Ὑψιπύλης
806 2754 838 2828 ἢ
881 2751 1031 2832 ἀρχή.
1109 2765 1227 2828 Ipsa
1265 2779 1470 2813 necesse
1508 2766 1616 2811 erat
1664 2761 1899 2811 edoceret
1935 2762 2245 2822 spectatores
2283 2757 2346 2807 de

466 2867 558 2900 sua
610 2866 826 2913 persona
874 2866 1142 2914 rerumque
1197 2853 1349 2909 statu,
1408 2849 1543 2913 quod
1594 2847 1712 2897 fecit
1762 2863 1823 2896 ex
1875 2861 2009 2895 more
2061 2844 2346 2908 Euripideo‚

468 2951 575 2985 cum
617 2936 678 2984 ab
721 2952 815 2984 avo
856 2934 1117 2999 (Dionyso,
1157 2934 1402 2984 Thoantis
1429 2931 1591 2997 patre)
1619 2934 1822 2996 stirpem
1851 2947 1990 2981 suam
2018 2933 2345 2980 enumeraret.

467 3022 680 3070 Puerum
734 3021 1022 3084 Opheltam,
1077 3021 1332 3070 alumnum
1387 3035 1555 3082 suum,
1615 3021 1751 3067 certe
1808 3017 2016 3081 primum
2073 3030 2243 3064 secum
2296 3015 2344 3063 in

613 3173 648 3227 l)
681 3169 740 3214 cf.
771 3169 913 3214 schol.
937 3169 1079 3215 Clem.
1101 3169 1174 3214 Al.
1206 3184 1250 3226 p.
1269 3173 1365 3226 424,
1386 3173 1459 3226 19;
1492 3167 1643 3225 Apoll.
1668 3171 1707 3223 3,
1730 3170 1768 3223 6,
1790 3170 1836 3221 4;
1868 3164 2037 3222 Hygin.
2069 3164 2158 3209 fab.
2178 3168 2244 3208 74.

609 3242 647 3298 ²)
678 3241 722 3286 J.
745 3240 1007 3297 Overbeck,
1041 3241 1115 3285 die
1145 3240 1408 3285 Bildwerke
1441 3251 1543 3284 zum
1574 3238 1756 3283 theban.
1788 3236 1882 3280 und
1908 3238 1994 3280 tro.
2023 3234 2347 3291 Heldenkreis,

468 3313 548 3369 III,
571 3317 609 3369 3,
640 3326 683 3368 p.
707 3316 799 3367 114,
823 3316 875 3356 26
908 3333 961 3347 =
993 3311 1378 3357 Wien.Vorl.-Bl.
1405 3314 1527 3367 1889,
1558 3313 1590 3354 t.
1609 3309 1689 3365 XI,
1711 3312 1751 3352 2.

611 3384 647 3441 3)
679 3381 737 3428 cf.
769 3382 969 3439 frg.757,
1015 3383 1073 3428 de
1115 3397 1208 3439 quo
1248 3382 1365 3427 Plut.
1399 3382 1611 3438 adnotat,
1654 3379 1976 3435 Amphiaraum
2018 3381 2207 3422 matrem
2239 3389 2346 3421 con-

469 3456 665 3500 solatum
698 3467 816 3499 esse.
877 3453 946 3499 Cf.
978 3454 1112 3499 etiam
1143 3453 1394 3510 vasculum,
1426 3453 1551 3509 quod
1581 3451 1719 3496 modo
1751 3449 1893 3494 attuli.

613 3526 649 3584 ⁴)
680 3524 737 3570 cf.
764 3524 989 3581 Welcker‚
1020 3525 1098 3570 Gr.
1120 3525 1198 3569 Tr.
1220 3524 1278 3580 11,
1308 3538 1353 3581 p.
1372 3526 1469 3568 559.
1509 3522 1616 3568 Vid.
1637 3522 1743 3567 Eur.
1761 3521 1908 3579 Hyps.
1930 3520 2012 3576 frg.
2028 3523 2109 3564 765
2141 3522 2188 3564 et
2206 3517 2346 3564 Anth.

468 3596 564 3642 Pal.
586 3596 665 3652 ΙΙΙ,
689 3599 753 3641 10.
