2548 4218
2053 269 2152 314 277

289 413 492 461 horrere
538 426 567 458 a
613 411 758 473 pueri
804 413 1003 471 natura,
1058 408 1146 458 sed
1196 408 1313 457 inde
1363 408 1492 456 velle
1542 406 1840 455 concludere
1897 406 2157 454 Eumelum

290 497 423 544 illum
463 510 635 553 revera
684 494 1053 544 adulescentem
1094 510 1122 542 a
1161 498 1308 556 poeta
1346 492 1513 540 fictum
1554 506 1677 555 esse,
1726 489 2155 554 perversissimum

289 581 406 629 mihi
445 580 656 643 videtur,
706 579 950 643 siquidem
1004 582 1201 628 constat
1250 592 1441 626 summa
1493 580 1598 625 arte
1645 590 1769 639 opus
1809 589 1919 623 esse
1957 573 2020 622 ad
2059 589 2159 623 ser-

290 680 459 714 mones
498 680 828 728 personarum
869 666 938 713 ita
977 663 1331 726 instituendos,
1387 666 1441 710 ut
1480 677 1658 710 revera
1696 661 2004 724 singularum
2046 675 2159 707 con-

289 750 568 800 dicionibus
626 750 944 812 moribusque
1002 747 1269 798 convenire
1325 746 1601 795 videantur.
1701 746 1757 794 Id
1813 760 1875 794 ne
1932 743 2159 806 Euripidi

290 835 487 898 quidem
545 850 739 898 semper
797 835 1063 897 contigisse
1118 834 1212 880 iam
1261 831 1622 895 Aristophanes
1679 831 1894 879 comicus
1943 828 2161 877 animad-

289 921 452 982 vertit,
505 936 615 968 cum
656 921 698 967 ei
739 920 1071 983 exprobraret
1120 918 1199 966 vel
1236 917 1457 966 aniculas
1495 915 1629 979 apud
1669 931 1778 964 eum
1820 913 2160 978 philosophari

290 1005 373 1066 (cf.
410 1021 515 1053 ran.
543 1007 644 1055 948
667 1020 788 1067 sqq„
825 1005 947 1065 Ach.
974 1002 1112 1063 400).
1170 1005 1345 1065 Itaque
1383 1002 1423 1050 si
1462 1017 1727 1064 puerorum
1769 1002 1818 1048 in
1851 1015 2035 1048 scaena
2061 1014 2159 1047 ser-

290 1106 459 1140 mones
509 1091 709 1139 omnino
763 1089 878 1138 novi
930 1089 1114 1152 aliquid
1166 1088 1424 1152 praebere,
1479 1088 1527 1135 in
1568 1085 1818 1135 Alcestide
1864 1101 1982 1134 vero
2022 1085 2160 1132 Euri-

282 1168 455 1239 pidem
496 1175 597 1223 fere
637 1176 797 1238 primo
837 1175 939 1222 tale
986 1174 1104 1237 quid
1151 1172 1355 1221 finxisse
1393 1173 1756 1236 respexerimus
1796 1168 1866 1229 (id
1907 1169 2039 1233 quod
2079 1168 2160 1217 de-

292 1262 567 1308 monstrare
608 1258 725 1306 mibi
764 1259 812 1307 in
854 1258 947 1306 hac
992 1257 1340 1306 dissertatione
1384 1256 1694 1319 propositum
1739 1250 1848 1316 est),
1893 1253 1942 1302 in
1990 1252 2159 1315 depin-

288 1343 451 1406 gendo
493 1344 697 1392 Eumelo
749 1359 858 1392 eum
910 1342 1178 1405 paullulum
1230 1342 1475 1390 erravisse
1527 1356 1626 1389 non
1676 1340 1850 1388 mirum
1897 1337 2159 1386 videbitur.

290 1427 384 1477 Sed
425 1444 487 1477 ne
527 1443 654 1492 opus
694 1428 888 1492 quidem
931 1432 1005 1477 est
1055 1429 1130 1476 his
1179 1427 1508 1490 argumentis:
1564 1427 1672 1489 ipse
1710 1424 1973 1488 Euripides
2013 1425 2161 1472 claris

290 1514 458 1563 verbis
510 1513 698 1562 indicat
754 1529 805 1562 se
850 1528 998 1562 veros
1048 1527 1231 1575 pueros
1282 1511 1512 1561 habuisse
1558 1511 1607 1559 in
1647 1512 1825 1569 animo,
1882 1525 1990 1558 cum
2037 1509 2161 1557 haec

293 1599 532 1648 scriberet
572 1599 633 1647 de
671 1598 839 1647 liberis
877 1598 937 1646 ab
965 1597 1216 1646 Alcestide
1245 1601 1399 1645 matre
1427 1596 1598 1645 ultimo
1628 1596 1874 1644 salutatis:
1918 1597 2016 1645 189
2034 1606 2161 1656 sqq.:

544 1707 738 1769 παῖδες
777 1705 836 1759 δὲ
872 1705 1110 1759 πέπλων
1145 1701 1352 1775 μητρὸς
1390 1703 1785 1775 ἐξηρητημένοι

547 1788 803 1844 ἔκλαιον·
841 1782 875 1862 ἡ
915 1789 973 1843 δὲ
1011 1782 1350 1858 λαμβάνουσ’
1377 1788 1431 1852 ἐς
1470 1783 1715 1858 ἀγκάλας

546 1869 810 1946 η’σπάζετ’
838 1868 1030 1929 ἄλλοτ’
1057 1869 1233 1928 ἄλλον
1269 1878 1389 1927 κτλ.

292 2010 460 2071 Quid?
498 2025 666 2059 nonne
705 2012 1028 2073 spectatores,
1066 2008 1105 2057 si
1143 2009 1218 2056 his
1257 2007 1402 2057 modo
1443 2007 1625 2056 auditis
1665 2008 1908 2057 hominem
1936 2006 2160 2056 adultum

290 2095 536 2144 vidissent
583 2095 910 2158 prodeuntem
951 2094 1144 2143 Eumeli
1197 2108 1415 2156 persona
1469 2092 1720 2156 indutum,
1773 2094 1962 2142 risuros
2007 2092 2162 2142 fuisse

292 2181 473 2245 putas?
547 2181 728 2229 Nonne
781 2195 860 2228 res
905 2180 1014 2243 ipsa
1051 2179 1150 2228 fert
1199 2194 1382 2242 pueros
1435 2195 1582 2242 quam
1623 2179 1848 2227 minimos
1887 2179 2161 2227 imbecillis-

292 2268 441 2315 simos
480 2265 697 2329 ostendi,
743 2269 798 2314 ut
834 2265 1035 2314 omnino
1074 2264 1345 2314 Alcestidis
1383 2279 1574 2327 preces,
1625 2265 1801 2327 quibus
1841 2279 1926 2312 eos
1966 2263 2163 2312 Admeti

291 2353 477 2402 tutelae
518 2352 844 2416 commendat,
880 2351 1276 2415 intellegantur?
1298 2377 1367 2383 —
1404 2351 1576 2414 Aeque
1615 2355 1765 2413 atque
1792 2351 1887 2399 hac
1917 2351 1965 2398 in
1994 2350 2164 2399 fabula

293 2440 342 2487 in
381 2454 696 2502 unaquaque,
737 2441 985 2501 quotquot
1022 2438 1267 2500 praebent
1305 2452 1574 2500 puerorum
1613 2440 1797 2500 parteS,
1842 2437 1974 2485 haud
2015 2436 2162 2484 ambi-

296 2541 393 2587 gue
434 2525 676 2588 puerilem
716 2528 943 2572 naturam
984 2523 1310 2586 significatam
1351 2538 1458 2571 esse
1497 2523 1821 2572 inveniemus.

437 2626 562 2673 Nam
617 2625 696 2673 vel
746 2625 905 2673 obiter
945 2624 1131 2687 legenti
1182 2623 1466 2686 tragoedias
1517 2623 1732 2672 Graecas
1783 2623 1877 2671 hoc
1926 2638 1980 2671 se
2019 2624 2165 2671 offert

295 2711 441 2774 ultro,
496 2711 714 2759 voluisse
768 2712 942 2772 poetas
993 2724 1177 2773 pueros
1227 2709 1449 2770 intellegi
1488 2712 1750 2770 teneros,
1807 2709 2163 2770 imbecillos,

294 2797 503 2845 aliorum
542 2795 772 2844 auxilio
811 2800 1078 2858 egentes;
1119 2795 1236 2858 quin
1276 2795 1421 2843 etiam
1447 2787 1704 2858 [quotquot
1729 2795 1871 2856 pueri
1897 2795 1946 2842 in
1973 2798 2166 2856 tragoe-

294 2882 384 2930 diis
436 2881 703 2945 prodeunt,
753 2896 923 2930 omnes
975 2884 1061 2930 aut
1106 2896 1294 2929 summo
1334 2880 1557 2943 periculo
1596 2880 1849 2928 constricti
1888 2885 1973 2928 aut
2009 2895 2165 2942 ango-

294 2968 430 3016 ribus
483 2968 647 3015 vexati
701 2970 787 3015 aut
842 2982 1065 3015 maerore
1104 2966 1275 3014 afflicti
1316 2969 1445 3028 sunt,
1500 2966 1569 3013 ita
1616 2971 1670 3013 ut
1716 2965 1922 3014 consilio
1981 2966 2165 3013 miseri-

295 3053 513 3101 cordiam
564 3053 793 3101 movendi
849 3067 933 3101 eos
979 3067 1148 3100 omnes
1199 3051 1430 3099 inductos
1469 3066 1577 3099 esse
1617 3066 1715 3099 non
1754 3051 1922 3113 inepte
1961 3055 2164 3099 statuas.

294 3137 482 3186 Eodem
533 3140 728 3201 spectat
783 3138 917 3200 quod
970 3139 1109 3201 pueri
1160 3153 1354 3199 semper
1405 3146 1592 3185 rerum.
1623 3152 1789 3184 coram
1835 3151 1886 3186 se
1941 3141 2162 3185 actarum

295 3223 470 3286 nescii,
521 3224 863 3287 neglegentes,
916 3224 1134 3286 pericula
1174 3238 1273 3271 non
1313 3223 1572 3285 opinantes
1608 3220 1966 3285 depinguntur.
2041 3223 2160 3271 Cum

294 3307 449 3371 igitur
498 3312 690 3370 poetae,
731 3309 805 3356 his
857 3308 1050 3357 duabus
1103 3323 1298 3371 semper
1348 3306 1724 3355 recurrentibus
1780 3307 1924 3355 lineis
1981 3323 2164 3370 pueros

294 3394 492 3455 signare
544 3393 674 3442 soliti
724 3394 842 3457 sint,
898 3408 1061 3455 neque
1110 3394 1372 3455 quicquam
1425 3392 1558 3440 aliud
1605 3393 1663 3440 iis
1702 3393 1929 3454 personis
1967 3408 2164 3454 reprae-

294 3479 570 3527 sentavisse
609 3479 884 3541 *videantur
936 3477 1029 3526 nisi
1080 3469 1144 3525 τὸ
1181 3468 1485 3540 μαλθακὸν
1528 3471 1622 3524 καὶ
1665 3466 1732 3524 τὸ
1772 3469 1992 3542 νήπιον,
2048 3476 2164 3525 inde

296 3580 495 3630 quoque
548 3580 718 3614 eorum
771 3564 855 3630 qui
901 3565 950 3612 in
1005 3578 1235 3614 scaenam
1283 3562 1575 3628 prodierunt
1630 3578 1898 3628 puerorum
1954 3566 2162 3612 aetatem
