2548 4218
2010 264 2109 310 267

250 407 340 462 est,
396 417 505 450 cum
563 402 710 449 etiam
769 402 1036 450 histriones
1093 401 1338 451 interdum
1391 401 1725 463 singularibus
1778 402 2007 463 personis
2044 402 2113 449 in-

251 486 465 536 duendis
502 486 685 535 bestias
724 486 895 536 imitati
936 481 1094 550 sint.¹)

392 587 465 634 Ex
518 585 690 634 eadem
745 601 909 650 causa,
968 602 1066 650 qua
1113 587 1395 649 Cretenses,
1445 587 1590 635 etiam
1643 583 1813 635 Danae
1860 588 1909 635 et
1959 581 2117 648 Scyrii

250 672 437 734 primae
493 670 644 719 aetati
699 671 1024 720 ascribendae
1080 675 1208 721 sunt.
1281 673 1335 720 In
1394 674 1609 735 utraque
1658 671 1828 720 fabula
1876 671 2115 719 infantem

250 753 624 818 (simulacrum),
676 755 762 804 illa
800 757 1008 806 Danaae
1049 760 1097 805 et
1134 758 1282 817 Iovis,
1333 757 1427 804 hac
1477 756 1765 805 Deidamiae
1807 760 1856 805 et
1892 756 2119 819 Achillis,

248 840 453 890 filiolum
507 841 754 903 prolatum
807 856 913 890 esse
966 842 1229 890 verisimile
1280 845 1368 896 est.
1441 842 1498 891 In
1549 842 1738 906 Scyriis
1789 845 1924 890 certe
1968 856 2118 903 argu-

248 928 466 974 mentum
529 925 861 987 gratissimum
924 927 1104 975 amoris
1166 926 1461 976 clandestini
1518 926 1649 976 inter
1704 927 2014 976 Deidamiam
2071 928 2119 974 et

249 1011 491 1060 Achillem
531 1010 887 1060 intercedentis
924 1012 1009 1059 vix
1047 1012 1269 1074 neglexit
1306 1013 1589 1076 Euripides.
1640 1014 1789 1067 Hunc
1827 1013 1878 1061 in
1918 1010 2117 1060 modum

247 1112 359 1145 eum
398 1096 705 1158 tragoediam
746 1111 884 1144 suam
923 1096 1122 1146 finxisse
1149 1098 1396 1147 Robertus
1436 1114 1545 1147 cum
1584 1099 1691 1148 aliis
1730 1114 1790 1148 ex
1817 1098 2119 1160 argumentis

248 1184 352 1230 tum
395 1197 456 1230 ex
492 1181 708 1244 imagine
747 1182 796 1230 in
835 1185 1013 1245 goryto
1053 1183 1266 1245 quodam
1307 1185 1453 1247 picta,
1492 1200 1638 1247 quam
1686 1184 1748 1233 ad
1786 1185 2117 1247 Polygnotum

247 1266 417 1326 refert,
456 1265 746 1329 probavit.2)

391 1367 499 1416 Hae
550 1366 657 1415 fere
708 1370 823 1415 sunt
876 1383 1047 1416 omnes
1098 1383 1186 1416 eae
1239 1370 1427 1430 primae
1477 1370 1656 1419 aetatis
1708 1370 2012 1434 tragoediae,
2067 1371 2116 1418 in

246 1452 424 1514 quibus
479 1467 663 1515 pueros
711 1452 761 1501 in
811 1468 991 1502 scaena
1040 1454 1332 1516 apparuisse
1382 1455 1501 1503 satis
1552 1458 1759 1504 constat.
1834 1457 1890 1503 In
1942 1456 2119 1504 ceteris

247 1537 394 1585 huius
444 1538 620 1586 aetatis
669 1538 939 1600 tragoediis
991 1539 1074 1586 vix
1126 1539 1390 1602 quisquam
1442 1540 1608 1602 aliqua
1652 1555 1759 1589 cum
1801 1541 1897 1589 fide
1936 1556 2119 1604 pueros

247 1623 589 1672 demonstrare
641 1626 847 1687 poterit,
903 1625 995 1672 nisi
1049 1624 1178 1673 forte
1230 1626 1276 1673 in
1328 1626 1679 1675 Peliadibus
1723 1627 1913 1676 Iasonis
1962 1627 2120 1676 frater

251 1708 448 1770 prodiit,
488 1708 622 1771 quod
659 1725 720 1757 ex
746 1710 940 1772 pariete
968 1710 1183 1773 quodam
1212 1711 1515 1773 Pompeiano
1555 1713 1712 1775 possit
1739 1713 1990 1770 concludi;
2028 1713 2116 1762 sed

247 1808 327 1842 res
366 1808 571 1855 prorsus
609 1792 860 1854 incerta.3)
917 1796 1147 1845 Ceterum
1187 1800 1358 1845 contra
1385 1797 1814 1846 Wilamowitzium
1842 1799 2116 1847 Robertum

247 1882 450 1927 secutus
488 1880 676 1942 primae
709 1882 856 1930 aetati
886 1882 1032 1929 etiam
1072 1883 1474 1931 Protesilaum
1515 1883 1709 1932 ascribo
1738 1889 1943 1947 propter
1969 1884 2118 1933 vehe-

247 1969 460 2013 mentem
499 1965 629 2013 inter
667 1966 906 2028 coniuges
945 1982 1160 2016 amorem
1202 1971 1250 2016 et
1288 1984 1608 2017 numerorum
1646 1971 2015 2032 proprietatem.

388 2137 721 2185 Transeamus
759 2137 822 2186 ad
869 2137 1194 2187 secundam
1242 2142 1467 2187 aetatem.
1542 2142 1748 2189 Praeter
1786 2144 2010 2190 servatas
2047 2141 2116 2189 fa-

246 2221 391 2269 bulas
443 2221 569 2271 duas
625 2226 816 2271 tantum
868 2224 1031 2284 vide0‚
1087 2240 1215 2286 quae
1272 2225 1546 2287 praebeant
1600 2241 1868 2287 puerorum
1925 2230 2116 2290 partes:

246 2306 495 2369 Alopam
535 2312 585 2355 et
611 2307 915 2371 Oedipum.
978 2306 1144 2371 Alopa,
1185 2326 1314 2372 quae
1340 2313 1546 2373 propter
1573 2312 1826 2359 materiam
1854 2315 2114 2361 tractatam

247 2395 493 2454 sumptam
547 2407 607 2441 ex
657 2392 840 2442 fabulis
878 2394 1055 2443 Atticis
1107 2394 1307 2443 videtur
1350 2395 1602 2444 secundae
1647 2398 1797 2445 aetati
1836 2397 2115 2456 tribuenda,

246 2478 405 2526 simile
444 2484 791 2541 argumentum
838 2480 1047 2546 praebet
1094 2481 1165 2541 iis,
1217 2497 1344 2543 quae
1383 2482 1475 2529 iam
1513 2482 1563 2529 in
1602 2481 1774 2544 Aeolo,
1828 2484 2115 2547 Melanippa

246 2562 558 2627 philosopha,
595 2563 930 2627 Ci·etensibuS‚
968 2566 1156 2627 Danae,
1195 2567 1378 2629 Scyriis
1416 2566 1782 2629 inveneramuS,
1822 2569 1900 2616 cui
1940 2570 2114 2632 generi

247 2651 421 2710 postea
471 2650 665 2711 Augam
718 2649 973 2699 addemus.
1055 2650 1246 2711 Quibus
1297 2651 1520 2700 omnibus
1571 2653 1666 2700 hoc
1717 2668 1975 2703 commune
2027 2658 2114 2713 est,

247 2733 381 2794 quod
420 2734 597 2782 mulier
634 2734 803 2798 aliqua
840 2738 1076 2799 corrupta
1116 2736 1239 2784 clam
1279 2737 1432 2800 parit,
1481 2737 1646 2785 infans
1685 2741 1848 2787 autem
1890 2738 2115 2789 detectus

248 2819 445 2882 culpam
484 2819 733 2883 patefacit.
795 2821 962 2882 Quare
1000 2821 1255 2884 probabile
1296 2821 1507 2885 videtur,
1546 2838 1674 2885 quae
1714 2828 1788 2873 est
1825 2826 2113 2889 ceteroquin

390 3000 421 3053 1)
451 2997 564 3043 Poll.
586 2998 684 3054 (IV,
710 3001 811 3055 141)
843 3012 921 3044 eas
951 3013 1174 3056 personas
1196 3000 1396 3056 appellat
1426 2994 1637 3045 ἔκσκευα
1667 2994 1920 3058 πρόσωπα.
1965 3004 2114 3049 Affert

245 3067 364 3112 inter
402 3068 511 3113 alias
539 3062 710 3126 Ἵππην
751 3069 884 3126 (coni.
909 3071 1135 3116 Wieseler
1172 3084 1255 3127 pro
1298 3066 1519 3127 Εὐίππη),
1555 3084 1682 3128 quae
1725 3072 1934 3118 habuerit
1977 3078 2115 3131 caput

247 3139 492 3197 equinum.
1038 3198 1040 3200 Ι

389 3210 426 3266 2)
457 3210 592 3256 Arch.
614 3211 729 3256 Anz.
755 3215 877 3268 1889,
907 3226 952 3268 p.
972 3216 1063 3257 151.

391 3283 424 3337 ³)
455 3295 498 3326 v.
520 3281 655 3327 Arch.
671 3283 918 3339 Zeit.1875,
939 3287 969 3328 t.
987 3287 1053 3339 13,
1082 3284 1139 3328 de
1163 3296 1251 3340 qua
1273 3284 1469 3340 imagine
1494 3284 1589 3340 egit
1604 3284 1836 3329 Robertus
1858 3289 1998 3341 p.134
2011 3299 2110 3342 sqq.

248 3352 471 3396 Acastum
503 3353 566 3397 ibi
595 3367 689 3398 non
727 3368 868 3410 posse
906 3354 1110 3410 intellegi
1150 3355 1357 3411 sequitur
1387 3369 1445 3400 ex
1476 3356 1591 3400 Mos.
1613 3356 1748 3401 Chor.
1767 3370 2010 3414 progymn.
2032 3357 2112 3414 HI,

249 3423 326 3480 qui
356 3425 478 3479 apud
507 3424 772 3480 Euripidem
803 3425 973 3470 Peliam
1004 3425 1106 3470 filiis
1138 3425 1336 3469 caruisse
1368 3426 1491 3470 dicit.
1550 3425 1728 3471 Iasonis
1759 3427 1964 3484 fratrem,
2003 3427 2112 3471 Pro-

247 3493 467 3550 maehum,
507 3508 643 3551 quem
673 3496 804 3541 affert
832 3495 1051 3552 Apollod.
1072 3495 1107 3551 I,
1129 3499 1168 3551 9,
1190 3499 1256 3551 27,
1288 3495 1646 3552 intellegendum
1678 3510 1783 3542 esse
1813 3511 1936 3542 nunc
1965 3498 2112 3554 suspi-

246 3567 374 3608 catur
401 3565 649 3610 Robertus.
780 3620 782 3622 v
1376 3620 1380 3624 p

331 3649 432 3683 Diss.
456 3650 542 3683 Hal.
565 3649 665 3682 xm.
1806 3656 1857 3697 18
