2548 4218
2037 288 2136 334 231

274 427 612 490 temperantia.
658 452 723 459 -—
754 425 918 488 ‘Quod
957 427 1182 490 sequitur
1220 441 1421 475 carmen
1460 424 1585 486 (178
1605 425 1732 489 sqq.)
1771 426 1912 475 facile
1952 427 2138 476 intelle-

273 514 408 575 gitur
473 511 535 559 ad
601 527 724 560 unas
781 516 962 560 matres
1019 512 1291 574 pertinere:
1355 510 1539 560 docent
1595 512 1748 560 verba
1803 512 1946 561 haec:
2018 515 2139 562 782:

275 590 395 660 ἐμοὶ
446 590 505 643 δὲ
572 590 795 643 παίδων
851 590 1072 643 εἰσιδεῖν
1139 590 1277 661 μέλη
1345 594 1464 642 κτλ.
1524 599 1573 644 et
1633 598 1755 645 786:
1824 585 2037 659 ἄγαμον
2086 583 2140 659 μ’

275 673 357 728 ἔτι
414 669 560 744 δεῦρ’
617 668 701 728 ἀεί
754 679 870 729 κτλ.
926 707 994 713 -
1052 681 1198 741 Quod
1265 681 1489 743 sequitur
1558 695 1756 730 carmen
1821 681 2139 729 amoebaeum

275 764 397 826 (802
419 764 546 829 sqq.)
596 765 703 828 ipse
742 765 990 814 Adrastus
1029 766 1305 833 inqdicat'se
1343 781 1452 813 cum
1494 766 1731 814 matribus
1769 766 1898 814 velle
1937 766 2143 814 alternis

275 851 480 900 vocibus
536 866 714 899 canere
772 849 1047 911 (800—1):
1105 842 1418 915 στεναγμὸν
1457 839 1502 898 ὦ
1550 845 1780 914 ματέρες
1830 877 1899 882 -
1950 838 2143 898 ἀύσατ’

276 922 513 984 ἀπύσατ’
577 923 845 997 ἀντίφων’
908 931 1057 999 ἐμῶν
1119 928 1515 1002 στεναγμάτων
1569 927 1860 984 κλύουσαι.
1916 962 1987 968 -
2038 936 2141 985 Iam

276 1022 502 1085 sequitur
576 1037 773 1071 carmen
845 1022 969 1070 illud
1034 1023 1351 1072 amoebaeum
1417 1020 1576 1082 (1123
1610 1024 1759 1087 sqq),
1835 1022 1967 1085 quod
2032 1038 2142 1070 cum

277 1107 429 1156 choro
482 1108 785 1156 alternantes
836 1111 1022 1156 canunt
1072 1108 1234 1171 pueri,
1286 1108 1398 1157 dum
1450 1110 1665 1157 afferunt
1702 1112 1897 1172 patrum
1938 1108 2144 1156 cineres.

275 1193 441 1255 Atque
491 1189 726 1255 queniam
779 1194 828 1241 in
879 1195 1056 1242 ceteris
1107 1194 1313 1243 canticis
1360 1198 1560 1257 praeter
1600 1194 1811 1256 primum
1851 1193 2144 1241 famularum

276 1279 482 1328 vocibus
528 1295 628 1327 non
669 1294 776 1327 esse
815 1279 978 1328 locum
1017 1279 1340 1338 ostendimUS,
1392 1294 1535 1328 nemo
1575 1278 1842 1342 dubitabit,
1891 1278 2012 1341 quin
2053 1279 2146 1327 hoc

277 1379 476 1427 quoque
524 1365 606 1412 vel
645 1364 803 1412 dicam
843 1365 1151 1428 potissimum
1191 1365 1239 1413 in
1280 1365 1518 1426 carmine,
1572 1364 1705 1427 quod
1748 1369 1821 1413 est
1858 1365 2010 1412 totius
2049 1367 2144 1411 tra-

276 1448 484 1511 goediae
525 1450 666 1512 quasi
705 1450 916 1508 culmen,
962 1455 1144 1499 matres
1184 1466 1312 1499 unae
1351 1454 1588 1498 canentes
1625 1449 1724 1499 sint
1761 1449 2038 1513 ponendae.
2075 1475 2144 1482 —

277 1535 344 1582 At
369 1534 487 1598 quid
516 1535 632 1584 fecit
658 1539 805 1598 poeta
834 1535 1150 1585 famulabus?
1191 1552 1305 1584 num
1336 1536 1483 1584 silent
1509 1551 1599 1598 per
1624 1540 1776 1584 totam
1806 1534 2145 1597 tragoediam?

278 1621 436 1681 Quam
478 1621 819 1670 difficultatem
843 1622 1247 1671 Wilamowitzius
1285 1621 1604 1684 probabiliter
1638 1622 1708 1669 sic
1736 1621 1851 1670 mihi
1879 1620 2146 1685 expedivit,

279 1712 332 1756 ut
359 1708 645 1771 Euripidem
686 1709 843 1771 primo
884 1709 964 1757 illo
1005 1708 1222 1757 carmine
1250 1707 1614 1771 spectatoribus
1642 1708 1856 1770 omnin0‚
1895 1707 2143 1770 quomodo

278 1792 459 1841 chorus
487 1794 786 1841 constitutus
815 1797 959 1852 esset,
999 1808 1066 1841 sc.
1094 1809 1154 1842 ex
1183 1793 1422 1841 matribus
1462 1799 1511 1842 et
1548 1792 1843 1855 famulabu8‚
1882 1792 2143 1841 ostendere

281 1878 501 1927 voluisse
540 1877 740 1928 diceret.
816 1878 1098 1927 Putandum
1152 1879 1281 1927 enim
1334 1881 1428 1941 est,
1476 1879 1614 1927 initio
1660 1877 1858 1926 fabulae
1903 1881 2143 1927 matres

278 1966 466 2012 tantum
525 1964 708 2012 circum
762 1964 1000 2013 Aethram
1057 1963 1119 2012 ad
1178 1980 1311 2013 aram
1371 1964 1566 2023 sedere,
1624 1963 1834 2012 famulas
1891 1966 2145 2026 separatas

277 2051 424 2097 stare.
497 2050 688 2098 Deinde
743 2053 1004 2113 postquam
1057 2066 1100 2098 v.
1129 2053 1228 2100 271
1285 2054 1467 2098 matres
1518 2049 1580 2097 de
1625 2065 1712 2098 ara
1751 2048 2143 2107 descendissent,

278 2149 362 2182 eas
402 2150 511 2183 cum
551 2134 830 2184 famulabus
871 2137 919 2183 in
961 2151 1112 2184 unum
1152 2151 1328 2199 agmen
1360 2136 1670 2194 convenisse,
1708 2134 1779 2183 ita
1805 2138 1858 2183 ut
1883 2134 1977 2182 iam
2007 2135 2142 2182 chori

277 2220 530 2269 sollemnis
567 2219 727 2269 forma
777 2227 910 2270 esset
957 2222 1199 2270 restituta.
1275 2222 1449 2284 Itaque
1500 2224 1667 2270 cetera
1719 2220 1936 2268 carmina
1975 2237 2003 2268 a
2040 2214 2143 2268 toto

278 2304 428 2353 choro
467 2309 583 2353 sunt
634 2308 846 2368 cantata,
884 2306 1067 2354 etiamsi
1109 2311 1158 2354 et
1195 2306 1380 2354 vestitu
1421 2310 1469 2354 et
1509 2306 1836 2354 collocatione
1875 2306 2144 2353 etiamtunc

278 2395 458 2439 matres
509 2406 538 2438 a
587 2390 869 2439 famulabus
910 2377 1225 2440 differebant.
1299 2392 1418 2441 Cum
1459 2392 1586 2439 enim
1627 2391 1965 2440 constituisset
2002 2390 2144 2439 Euri-

278 2474 420 2537 pides
482 2480 664 2524 matres
727 2480 915 2539 septem
973 2476 1148 2525 ducum
1213 2477 1460 2540 supplices
1524 2476 1662 2524 chori
1724 2476 1833 2525 loco
1891 2475 2146 2539 inducere,

278 2561 529 2610 sollemnis
555 2564 718 2610 tamen
749 2577 891 2624 118118,
930 2578 991 2611 ex
1019 2578 1118 2625 quo
1158 2562 1339 2611 chorus
1378 2563 1640 2611 constabat
1678 2577 1737 2611 ex
1777 2562 1864 2610 XV
1903 2563 2147 2626 personiS,

281 2648 408 2696 ratio
458 2651 566 2695 erat
617 2647 863 2696 habenda.
937 2649 1104 2697 Potuit
1141 2648 1313 2711 igitur,
1365 2647 1500 2711 quod
1538 2647 1821 2710 Aeschylus
1859 2647 1908 2695 in
1947 2646 2143 2711 Suppli-

279 2732 417 2781 cibus
442 2731 643 2781 videtur
669 2731 909 2792 fecisse,¹)
949 2733 1263 2797 neglegentia
1302 2733 1516 2796 quadam
1557 2748 1816 2782 numerum
1856 2733 2142 2781 sollemnem

278 2834 369 2882 pro
409 2834 490 2883 e0,
529 2834 674 2882 quem
714 2834 794 2868 res
832 2819 1137 2882 postulabat,
1189 2835 1402 2883 ponere,
1440 2823 1526 2868 aut
1565 2818 1736 2868 debuit
1773 2819 1879 2868 aliis
1916 2820 2146 2883 personis

278 2904 480 2955 chorum
538 2905 796 2967 supplere,
852 2905 920 2954 ita
978 2909 1030 2954 ut
1086 2906 1267 2954 chorus
1317 2921 1495 2954 revera
1551 2907 1681 2953 esset
1737 2904 2000 2967 bipartitus
2056 2920 2144 2967 per

277 2989 507 3039 fabulam.
571 2991 645 3038 Ea
683 2997 846 3039 tamen
886 2992 1011 3040 ratio
1051 2994 1100 3039 et
1139 2990 1362 3040 sollemni
1401 2991 1656 3038 scaenicae
1693 2989 2058 3052 consuetudini,
2096 2993 2145 3038 et

279 3077 344 3136 ei,
401 3075 535 3138 quod
593 3076 916 3138 sequebatur,
986 3076 1189 3124 consilio
1248 3075 1620 3138 obstrepuisset.
1707 3075 1882 3138 Itaque
1937 3075 2141 3123 mediam

279 3159 525 3223 quandam
586 3161 713 3208 viam
778 3161 1033 3224 ingressus
1090 3165 1183 3220 est,
1247 3176 1354 3208 cum
1413 3159 1622 3208 adderet
1677 3159 1875 3222 quidem
1934 3159 2145 3208 famulas

280 3245 516 3294 matribus
573 3244 647 3306 (ut
703 3246 879 3309 plenus
934 3245 1075 3295 fieret
1131 3243 1410 3308 numerus),
1467 3248 1627 3294 tamen
1686 3261 1784 3294 non
1843 3246 1936 3293 nisi
1985 3247 2143 3308 primo

281 3331 538 3394 alteroque
596 3333 812 3380 carmine
870 3347 975 3379 eam
1035 3327 1395 3380 distinctionem
1457 3333 1701 3390 servaret,
1758 3335 1931 3395 postea
1986 3333 2143 3378 totum

280 3415 482 3464 chorum
538 3431 629 3478 pro
675 3417 912 3465 matribus
950 3421 1171 3480 poneret.
1246 3418 1321 3465 Ita
1361 3431 1560 3479 quoque
1599 3417 1926 3479 intellegitur,
1977 3430 2144 3477 quem-

424 3596 456 3651 ¹)
487 3595 712 3640 Dissentit
740 3596 1115 3641 Wilamowitzius
1147 3597 1280 3641 Herc.
1302 3596 1323 3639 I
1340 3599 1368 3652 1,
1398 3610 1442 3652 p.
1465 3600 1533 3641 90.
