2548 4218
2048 286 2149 333 259

541 410 679 471 ὅταν
716 413 822 486 γὰρ
863 409 1017 486 αὐτῷ
1054 415 1356 487 προσφέρω
1395 418 1603 485 βρῶσιν
1641 413 1847 483 διδούς,

538 499 640 574 τὴν
678 499 805 572 ῥῑνά
839 495 892 571 μ’
919 494 1094 565 εὐθὺς
1132 504 1369 573 ψηλαφᾷ
1405 494 1562 554 κᾶνω
1600 500 1752 570 φέρει

535 583 638 658 τὴν
672 597 827 656 χεῖρα
864 584 1008 656 πρὸς
1045 583 1338 655 φαλακρὸν
1377 578 1480 657 ἡδὺ
1522 586 1811 655 διαγελῶν,

282 670 410 755 quae
450 692 604 740 verba
642 692 749 740 iure
789 692 994 741 Crusius
1043 695 1185 754 putat
1223 706 1334 740 esse
1372 691 1544 753 Sileni,
1594 691 1827 740 Liberum
1871 693 2151 750 nutrientis;

281 780 398 825 sunt
435 782 600 825 autem
639 777 777 838 talia,
829 779 884 824 ut
921 792 1019 825 non
1059 777 1152 824 nisi
1192 775 1257 824 ad
1295 775 1558 834 infantem,
1610 776 1694 838 qui
1741 777 1872 825 ulnis
1911 783 2152 839 teneatur,

281 863 478 924 possint
516 860 709 920 referri,
748 862 817 909 ita
855 865 910 910 ut
947 877 1044 910 non
1085 877 1257 910 verum
1292 861 1528 910 infantem
1557 861 1606 908 in
1635 876 1866 910 scaenam
1892 862 2150 911 inductum

281 962 391 995 esse
431 947 719 995 existimem.
794 947 844 996 si
883 947 1004 995 mira
1043 946 1267 995 efficiens
1304 946 1455 994 Liber
1492 945 1638 995 fictus
1678 950 1799 1010 erat,
1845 951 1900 995 ut
1937 949 2154 1010 suspica-

279 1034 360 1080 tur
398 1031 620 1094 Crusius,
657 1047 716 1079 ea
754 1036 886 1081 certe
925 1030 1260 1080 narrabantur
1299 1034 1512 1095 tantum,
1551 1031 1686 1094 quod
1726 1032 1899 1081 eodem
1928 1032 2073 1082 modo
2100 1034 2150 1082 in

282 1111 604 1165 Heracleisco
640 1116 823 1165 factum
865 1131 972 1165 esse
1012 1122 1156 1180 puto3
1195 1117 1423 1179 quamvis
1462 1117 1589 1165 enim
1619 1117 1742 1165 nihil
1769 1117 1831 1167 de
1858 1124 2152 1181 argumento

281 1204 512 1265 sciamus,
549 1205 711 1251 tamen
750 1201 972 1251 fabulam
1011 1203 1143 1251 illam
1184 1202 1245 1251 de
1284 1203 1529 1265 anguibus
1566 1202 1627 1251 ab
1660 1202 1850 1252 infante
1876 1204 2152 1253 interfectis

281 1303 567 1351 expressam
609 1288 763 1337 fuisse
801 1289 908 1337 veri
948 1291 1025 1336 est
1063 1288 1374 1336 simillimum.

424 1374 478 1421 In
508 1367 702 1436 Polyido
737 1373 842 1421 sive
869 1367 1074 1421 Vatibus
1101 1370 1392 1435 Sophocles,
1429 1375 1483 1421 ut
1511 1372 1791 1436 Euripides,
1830 1377 1994 1422 notam
2021 1374 2151 1423 illam

282 1457 343 1506 de
382 1458 608 1522 Polyido,
647 1459 730 1520 qui
758 1458 1000 1507 Glaucum
1039 1473 1247 1521 puerum
1288 1457 1474 1521 reperit
1512 1462 1561 1506 et
1599 1459 1647 1506 in
1689 1459 1836 1508 vitam
1877 1461 2154 1520 resuscitat,

282 1544 617 1592 narrationem
658 1543 901 1592 tractavit.
960 1543 1186 1593 Certiora
1225 1542 1284 1591 de
1325 1547 1575 1592 structura
1612 1543 1811 1593 fabulae
1850 1560 2155 1608 cognoscere

282 1643 380 1677 non
428 1643 703 1690 possumus.
777 1629 991 1677 Puerum
1042 1629 1309 1691 parvulum
1358 1628 1749 1691 intellegendum
1798 1644 1908 1678 esse
1947 1646 2055 1679 cum
2094 1646 2154 1679 ex

282 1713 477 1776 vulgari
517 1714 768 1777 memoria,
807 1729 906 1777 qua
944 1713 1026 1762 ille
1065 1712 1244 1762 ludens
1283 1712 1580 1763 describitur
1617 1713 1826 1778 (Apoll.:
1876 1711 1987 1778 μῦν
2027 1705 2153 1764 διω-

280 1811 421 1845 κων·
476 1799 683 1861 Hygin.:
724 1798 839 1846 dum
879 1799 1006 1847 ludit
1039 1786 1172 1859 pila)
1211 1801 1315 1847 tum
1356 1814 1416 1847 ex
1455 1799 1663 1861 antiqua
1702 1800 1914 1862 quadam
1956 1801 2153 1851 Sotadis

281 1879 530 1945 pictura¹)
570 1883 811 1946 sequitur.
884 1884 992 1932 Nisi
1044 1883 1188 1932 titulo
1241 1882 1536 1942 deludimur,
1594 1885 1778 1933 chorus
1829 1886 2048 1934 constitit
2093 1901 2154 1934 ex

283 1969 483 2017 vatibus
521 1966 721 2031 (nempe
751 1967 1086 2031 Cretensibus,
1125 1968 1209 2031 qui
1249 1969 1510 2017 convocati
1550 1969 1737 2018 consilii
1777 1973 1920 2018 erant
1945 1965 2155 2033 inopes),

281 2052 415 2102 unde
454 2052 667 2102 efficitur
704 2052 920 2102 fabulam
960 2069 1058 2103 non
1097 2053 1251 2102 fuisse
1290 2054 1571 2117 satyricam.

425 2295 662 2344 Venimus
714 2294 775 2343 ad
829 2294 1294 2358 Euripidearum
1352 2295 1630 2344 fabularum
1690 2296 1939 2359 reliquias.
2013 2296 2153 2356 Quae

280 2381 374 2428 iam
415 2396 444 2428 a
482 2379 651 2429 multis
688 2379 811 2428 viris
851 2379 1012 2429 doctis
1051 2381 1118 2428 ita
1153 2380 1388 2429 collectae
1424 2380 1692 2443 dispositae
1719 2382 1997 2444 explicatae
2025 2387 2155 2445 sunt,

282 2469 336 2514 ut
374 2466 458 2513 vix
497 2465 599 2514 ulla
637 2465 806 2514 fabula
845 2468 1042 2514 maneat
1080 2466 1308 2515 obscura.
1337 2491 1339 2493 ·
1365 2464 1494 2525 Quin
1523 2466 1669 2514 etiam
1698 2470 1939 2531 tempora,
1976 2468 2154 2530 quibus

282 2549 457 2599 doctae
508 2554 647 2610 sunt,
702 2549 752 2598 in
804 2550 966 2600 multis
1013 2551 1133 2599 satis
1171 2553 1306 2599 certe
1345 2551 1618 2600 constituta
1656 2555 1796 2615 sunt,
1852 2555 2046 2601 ceterae
2085 2553 2154 2600 ita

283 2634 483 2696 quidem
522 2634 666 2694 fixae,
710 2638 764 2683 ut
803 2634 888 2683 uni
927 2649 989 2683 ex
1029 2635 1221 2698 magnis
1258 2634 1415 2684 tribus
1452 2636 1545 2684 illis
1585 2637 1845 2700 aetatibus,
1890 2652 2015 2700 quas
2054 2637 2153 2686 dis-

283 2720 533 2768 cernimus
570 2721 619 2768 in
658 2720 797 2782 poesi
833 2719 1120 2783 Euripidea,
1159 2721 1491 2769 ascribantur.
1547 2722 1722 2783 ltaque
1761 2722 1903 2770 nobis
1942 2724 2154 2772 maxima

281 2820 343 2853 ex
381 2808 523 2867 parte
563 2804 684 2852 nihil
722 2805 946 2853 relictum
983 2809 1071 2864 est,
1109 2806 1203 2854 nisi
1232 2809 1299 2864 ut,
1334 2821 1449 2854 num
1478 2806 1664 2855 fuerint
1690 2822 1957 2869 puerorum
1986 2812 2152 2871 partes

281 2890 331 2938 in
383 2890 592 2952 singulis
641 2888 823 2939 fabulis
874 2891 1149 2954 qualesque
1201 2891 1405 2953 fuerint,
1463 2908 1773 2955 quaeramus
1858 2894 1934 2942 Ne
1985 2898 2152 2944 autem

281 2991 408 3038 opus
459 2976 521 3024 sit
570 2976 872 3040 testimonia,
930 2992 991 3024 ex
1044 2978 1227 3039 quibus
1278 2982 1502 3039 tempora
1555 2981 1707 3041 atque
1744 2982 2150 3043 argumentorum

283 3076 503 3110 summae
543 3065 928 3124 cognoscuntur,
966 3063 1254 3125 singillatim
1296 3064 1490 3125 afferre,
1528 3064 1701 3126 delego
1740 3068 1789 3114 te
1827 3065 1888 3113 ad
1919 3066 2150 3115 Wilamo-

283 3146 433 3194 witzii
472 3146 714 3194 Analecta
753 3147 1025 3210 Euripidea
1063 3150 1112 3195 et
1151 3148 1257 3196 eius
1296 3149 1576 3197 Herculem.

423 3231 653 3279 Primae
690 3232 865 3280 aetatis
903 3233 1118 3295 primum
1157 3248 1241 3281 eas
1279 3233 1470 3282 fabulas
1510 3236 1736 3296 afferam,
1782 3251 1991 3298 quarum
2031 3239 2150 3285 tem-

282 3331 406 3378 pora
443 3320 562 3365 nota
599 3320 730 3365 sunt.

424 3402 482 3449 In
520 3395 752 3465 Telepho,
805 3419 952 3466 quam
1006 3419 1105 3452 una
1156 3419 1265 3451 cum
1312 3404 1569 3453 Alcestide
1620 3421 1751 3455 anno
1784 3408 1887 3456 438
1939 3422 2150 3456 scaenae

427 3580 462 3645 ¹)
495 3578 551 3630 cf.
586 3580 808 3644 Zingerle,
838 3580 1139 3639 Aren—epigr.
1170 3582 1345 3630 Mitteil.
1376 3594 1457 3631 aus
1489 3582 1684 3630 Oesterr.
1707 3583 1856 3641 XVII,
1887 3598 1930 3641 p.
1952 3588 2046 3631 119.
