2548 4218
2033 296 2134 342 253

266 433 440 494 Itaque
479 433 551 479 sic
589 427 778 479 scaena
806 431 1075 493 cogitanda
1113 435 1211 480 est:
1268 431 1443 480 Coram
1485 433 1637 480 choro
1689 434 1735 480 in
1778 433 1978 495 publico
2018 432 2137 480 furit

266 517 459 565 Procna
506 518 659 578 atque
709 516 952 564 incertum
992 516 1178 578 aliquid
1218 532 1328 564 cum
1368 531 1541 565 sorore
1581 517 1800 579 molitur3
1858 520 1961 565 tum
2002 532 2136 575 ver0,

267 594 566 664 simulatque
615 601 802 663 prodiit
842 603 961 664 Itys,
1014 602 1120 650 eius
1162 617 1271 650 cum
1314 603 1527 665 coniuge
1565 602 1885 651 similitudine
1926 603 2139 665 cognita,

268 686 423 735 ferale
450 685 673 734 nascitur
698 687 749 734 in
776 687 906 735 illius
934 689 1096 736 mente
1125 687 1399 750 consilium,
1424 687 1556 750 quod
1585 691 1765 750 tamen,
1803 703 1865 736 ne
1892 691 2140 750 arceatur,

266 786 362 819 non
403 770 497 818 nisi
534 773 666 819 tecte
705 770 974 834 significat3
1014 770 1075 819 cf.
1114 770 1206 820 Ov.
1243 772 1274 820 l.
1301 788 1342 821 c.
1371 774 1471 822 619
1496 784 1626 835 sqq:

1015 872 1212 934 peragit
1251 871 1368 921 dum
1407 872 1526 920 talia
1563 873 1779 934 Progne,

467 957 528 1005 ad
569 959 774 1005 matrem
812 956 1044 1005 veniebat
1080 958 1201 1019 Itys.
1276 957 1407 1018 Quid
1447 959 1617 1020 possit,
1655 959 1716 1006 ab
1756 957 1842 1006 illo

467 1042 718 1090 admonita
757 1045 853 1090 est:
893 1029 1153 1105 oculisque
1191 1045 1339 1092 tuens
1376 1043 1664 1091 immitibus:
1704 1038 1756 1091 ‘a
1795 1059 1942 1106 quam

469 1143 523 1176 es
561 1128 731 1176 similis
770 1121 921 1190 patri’
962 1128 1105 1191 dixit3
1146 1144 1254 1177 nec
1293 1129 1468 1192 plura
1505 1129 1708 1178 locuta

469 1214 609 1262 triste
647 1217 790 1276 parat
830 1213 1025 1262 facinus
1063 1215 1315 1278 tacitaque
1355 1217 1612 1263 exaestuat
1649 1215 1735 1263 ira.

260 1329 410 1390 Puer,
446 1327 487 1375 si
514 1327 741 1377 Ovidium
782 1328 1048 1390 sequimur,
1089 1327 1191 1376 fere
1231 1329 1455 1391 quinque
1480 1343 1639 1376 annos
1667 1330 1812 1376 natus
1839 1327 2134 1390 cogitandus

260 1416 335 1461 est
374 1409 715 1472 (Ov.438s9);
771 1416 934 1461 tamen
975 1413 1235 1476 puerulum
1289 1413 1393 1461 eius
1433 1413 1608 1462 aetatis
1648 1429 1824 1462 revera
1861 1414 1911 1461 in
1950 1428 2135 1462 scaena

260 1497 421 1558 egisse
462 1512 559 1545 non
600 1497 886 1559 putabimus
936 1512 997 1545 ex
1035 1498 1227 1546 ratione
1267 1501 1527 1560 poetarum
1575 1498 1692 1546 satis
1730 1498 2019 1561 perspicua,
2069 1495 2130 1545 de

259 1596 360 1645 qua
397 1581 528 1630 infra
567 1582 830 1644 disputabo
860 1578 926 1646 (p.
949 1585 1049 1631 279
1070 1578 1213 1644 sqq.).
1290 1582 1439 1630 [mmo
1478 1598 1600 1644 puer
1639 1582 2006 1645 intellegendus
2045 1585 2133 1644 est,

258 1667 418 1729 qualis
475 1666 602 1716 forte
659 1668 941 1730 Eurysaces
994 1669 1042 1716 in
1089 1667 1243 1715 Aiace
1290 1667 1396 1716 fuit.
1472 1668 1637 1716 Verba
1693 1683 1802 1716 eum
1854 1668 1903 1715 in
1954 1683 2137 1716 scaena

262 1768 362 1800 non
400 1751 577 1801 fecisse
616 1756 778 1801 statuo
820 1753 989 1801 eadem
1030 1753 1090 1801 de
1131 1768 1294 1814 causa,
1334 1768 1432 1815 qua
1470 1768 1624 1816 supra
1661 1754 1915 1815 Thyestae
1953 1753 2134 1801 liberos

256 1840 420 1886 mutos
460 1837 613 1886 fuisse
654 1838 1012 1902 conclusimus,
1060 1842 1414 1901 praeterquam
1454 1839 1586 1900 quod
1627 1840 1848 1899 omnino,
1895 1842 2134 1901 quantum

255 1922 497 1983 videmus,
548 1922 822 1986 Sophocles
875 1939 1058 1985 pueros
1108 1927 1274 1973 tacere
1325 1925 1480 1972 iussit.
1556 1924 1741 1973 Contra
1792 1924 1886 1972 hoc
1932 1939 2133 1986 quoque

256 2007 554 2058 Ovidianum
613 2011 719 2057 iure
771 2024 983 2057 scaenae
1034 2009 1415 2068 vindicabimus,
1473 2025 1683 2071 puerum
1741 2013 1946 2057 matrem
2000 2007 2134 2072 (por-

253 2097 392 2142 recta
440 2092 664 2154 dextera)
715 2095 1029 2156 salutavisse,
1081 2096 1391 2157 complexum
1443 2110 1552 2144 esse
1593 2098 1700 2154 etc.,
1754 2097 1820 2144 ita
1860 2099 1914 2144 ut
1952 2096 2033 2143 illa
2071 2096 2130 2143 iis

253 2180 373 2241 ipsis
421 2181 563 2242 pueri
608 2180 959 2229 blandimentis
1011 2184 1254 2229 commota
1310 2184 1360 2229 et
1409 2182 1702 2242 perturbata
1752 2181 1802 2228 in
1854 2181 2131 2229 contrarias

255 2266 581 2328 cogitationes
626 2266 1005 2315 distraheretur.
1072 2266 1175 2314 Iam
1219 2267 1416 2315 Proena
1456 2282 1566 2314 cum
1605 2267 1880 2315 Philomela
1918 2281 2129 2329 puerum

253 2351 302 2399 in
360 2351 557 2401 domum
614 2352 846 2412 abducit3
914 2351 1030 2412 (hoc
1086 2367 1286 2414 quoque
1351 2353 1400 2400 in
1458 2367 1640 2400 scaena
1696 2353 1904 2415 antiqua
1960 2366 2130 2400 neces-

254 2438 435 2485 sarium
475 2439 696 2487 servavit
735 2436 962 2501 Ovidius,
1001 2438 1064 2486 cf.
1102 2454 1147 2486 v.
1175 2440 1298 2487 636:

1009 2568 1101 2600 nec
1140 2567 1290 2612 mora,
1328 2553 1482 2600 traxit
1520 2553 1656 2615 Ityn3

252 2638 518 2701 sequentia
559 2654 702 2687 vero:

1005 2708 1159 2757 veluti
1201 2708 1477 2771 Gangetica
1517 2724 1696 2756 cervae

466 2794 731 2843 lactentem
770 2793 922 2842 fetum
964 2809 1054 2857 per
1093 2793 1245 2842 silvas
1284 2794 1427 2856 tigris
1467 2809 1647 2856 opacas

252 2906 546 2956 Ovidianum
587 2912 664 2957 est
701 2904 1080 2970 ornamentum.)
1156 2908 1301 2956 Tunc
1339 2923 1459 2957 vero
1507 2923 1704 2956 servum
1746 2906 1871 2967 (sive
1910 2907 2125 2967 servam)

253 3009 313 3042 ex
353 2994 498 3043 domo
536 2994 783 3058 prodiisse
824 2994 1051 3053 arbitror,
1092 2997 1147 3042 ut
1186 2995 1339 3042 choro
1379 2992 1428 3054 (i.
1451 3009 1491 3042 e.
1519 2990 1905 3055 spectatoribus)
1934 2994 2126 3042 diceret

253 3079 494 3141 suspicari
544 3094 598 3128 se
638 3075 761 3141 (sive
813 3082 948 3128 certo
993 3076 1160 3143 scire),
1216 3079 1449 3128 mulieres
1494 3094 1650 3140 puero
1697 3082 1902 3128 mortem
1949 3079 2125 3143 moliri,

251 3164 318 3211 ita
356 3166 409 3212 ut
446 3164 530 3212 ille
569 3162 792 3224 (chorus)
831 3165 926 3213 hoc
963 3180 1061 3214 non
1098 3163 1289 3212 admitti
1324 3164 1506 3212 debere
1533 3167 1669 3212 ratus
1696 3179 1896 3213 servum
1930 3164 2123 3213 iuberet

251 3263 417 3310 regem
457 3264 733 3312 arcessere3
773 3249 868 3298 hoc
907 3251 1035 3299 enim
1076 3250 1237 3298 solum
1279 3249 1388 3298 loco
1429 3248 1762 3313 fragmentum
1801 3249 1918 3297 illud
1947 3249 2122 3297 Accia-

251 3350 367 3382 num
420 3335 571 3383 inseri
626 3350 772 3398 posse
824 3335 941 3383 mihi
978 3335 1178 3384 videtur
1218 3325 1323 3395 (Sec
1360 3335 1461 3382 nisi
1499 3335 1741 3383 clamaris
1785 3348 1952 3396 reqem
1992 3334 2122 3394 ete).

250 3419 332 3481 At,
370 3423 424 3468 ut
461 3434 626 3483 saepe,
673 3421 811 3470 chori
849 3421 1110 3469 conamina
1149 3423 1266 3468 sunt
1310 3420 1497 3483 inania3
1543 3420 1636 3468 iam
1678 3434 1801 3468 cena
1838 3423 1997 3468 taetra
2035 3436 2120 3483 pa-

250 3507 406 3566 ratur,
457 3520 557 3567 qua
593 3505 776 3554 inscius
815 3505 995 3555 fruitur
1036 3507 1245 3555 Tereus.
1285 3531 1349 3537 ——
1389 3505 1605 3554 Tantum
1646 3504 1763 3553 mihi
1802 3520 1863 3553 ex
1901 3505 2119 3567 reliquiis

252 3589 486 3651 cognosci
523 3604 669 3652 posse
706 3590 921 3640 videtur.
995 3592 1097 3638 Iam
1137 3591 1200 3652 si,
1246 3604 1345 3652 quo
1384 3590 1488 3639 fere
1527 3593 1751 3653 tempore
1789 3590 1983 3638 Tereus
2021 3593 2120 3638 tra-

1786 3683 1863 3725 17*
