2548 4218
414 261 516 308 234

413 403 684 464 aspectum,
722 402 871 462 atque
910 415 1056 463 quem
1096 403 1421 465 cognovimus
1458 404 1508 453 in
1536 406 1831 467 Heraclidis,
1872 409 2109 460 habemus
2141 411 2280 461 initio

411 485 714 549 tragoediae,
752 485 781 534 i.
809 501 849 534 e.
893 490 1094 536 matrem
1123 488 1391 550 Megaram,
1431 491 1510 540 cui
1548 494 1679 542 anxii
1707 489 2026 558 applicantur
2051 498 2283 546 Herculis

410 576 513 620 tres
550 570 707 635 filioli,
746 587 853 620 cum
896 575 1038 635 patre
1078 573 1331 637 Herculis,
1368 575 1697 641 Amphiarao,
1734 595 1903 629 omnes
1941 583 1990 630 in
2032 598 2118 631 ara
2156 574 2285 640 Διὸς

410 653 662 722 σωτῆρος
710 656 961 720 supplices
1008 657 1256 707 sedentes,
1330 661 1388 709 V.
1416 662 1518 711 338
1557 663 1699 725 pueri
1739 678 1846 713 cum
1887 670 2046 715 matre
2085 667 2283 716 domum

411 742 622 800 intrant,
678 745 731 790 ut
769 745 934 791 vestes
972 742 1208 792 funebres
1247 744 1472 795 induant.
1547 747 1776 798 Redeunt
1813 766 1857 800 V.
1883 754 1986 802 442
2027 768 2087 801 ex
2126 757 2284 802 matre

413 828 546 875 anxii
586 826 880 890 pendenteS,
919 831 971 876 ut
1010 828 1071 876 ad
1113 834 1317 878 mortem
1359 813 1619 881 ducantur.
1681 835 1877 884 Deinde
1914 838 2047 899 patri
2087 838 2281 887 obviam

410 915 545 976 eunt,
583 912 627 960 ei
665 913 982 976 applicantur
1019 914 1196 963 flentes
1234 913 1394 975 (529).
1451 918 1580 967 Vere
1618 918 1888 969 dramatice
1915 921 1995 970 hic
2021 923 2284 986 Euripides

411 998 579 1060 pueris
630 1013 749 1046 usus
788 1002 880 1060 est,
932 1013 1042 1047 cum
1083 1014 1169 1047 eos
1207 999 1396 1049 faceret
1432 1006 1623 1064 patrem
1665 1004 1956 1056 redeuntem
1996 1008 2285 1072 salutantes,

411 1087 518 1131 arte
571 1098 622 1131 se
674 1084 779 1132 eius
831 1083 1051 1132 vestibus
1101 1085 1432 1149 implicantes,
1482 1087 1665 1151 donec,
1714 1096 1767 1139 ut
1804 1092 1960 1154 possit
1997 1093 2285 1158 procedere,

411 1183 496 1216 eos
524 1169 750 1218 manibus
775 1170 1003 1232 accipiat,
1030 1185 1194 1219 secum
1224 1174 1389 1234 portet
1416 1168 1537 1234 (629
1553 1172 1700 1239 sqq.);
1728 1191 1833 1224 eam
1863 1176 1990 1225 enim
2018 1178 2282 1241 imaginem

409 1253 633 1303 videntes
673 1255 829 1317 magis
869 1271 1015 1318 quam
1058 1257 1204 1305 meris
1243 1257 1407 1307 verbis
1446 1274 1834 1322 commovemur;
1871 1263 1958 1311 sed
1999 1263 2060 1312 de
2100 1265 2194 1312 hac
2228 1280 2283 1313 re

409 1339 538 1387 infra
576 1340 724 1401 plura
764 1340 937 1389 dicam.
1011 1342 1188 1404 Itaque
1228 1358 1431 1405 pueros,
1482 1346 1670 1394 etiamsi
1710 1351 1893 1406 mutos,
1940 1354 2104 1398 tamen
2146 1350 2283 1413 paul-

409 1425 559 1474 lulum
617 1430 823 1488 agentes
881 1427 1134 1476 habemuS.
1222 1428 1513 1491 Supremum
1570 1446 1784 1494 corpora
1840 1434 2114 1483 occisorum
2172 1452 2283 1499 pro-

406 1512 679 1560 volvuntur
719 1511 877 1568 (1029
900 1510 1047 1576 sqq).

553 1598 742 1646 Mutum
784 1613 995 1662 puerum
1034 1598 1275 1648 habemus
1313 1601 1456 1648 etiam
1499 1601 1547 1650 in
1587 1597 1887 1667 TroadibUS,
1928 1605 2281 1668 Astyanactem

408 1681 519 1731 dico
571 1684 855 1746 parvulum,
907 1684 989 1746 qui
1043 1700 1086 1731 v.
1116 1687 1219 1735 568
1273 1700 1382 1734 cum
1422 1686 1776 1737 Andromacha
1827 1676 1876 1737 in
1929 1704 2159 1739 scaenam
2212 1693 2283 1740 in-

408 1769 628 1832 vehitur,
679 1773 733 1818 ut
785 1769 930 1818 simul
980 1785 1086 1819 cum
1140 1772 1290 1819 armis
1335 1772 1574 1821 Hectoris
1626 1774 1914 1838 praedaque
1957 1776 2282 1825 Archivorum

406 1853 469 1902 ad
526 1855 910 1918 Neoptolemum
975 1855 1266 1905 abducatur.
1363 1858 1578 1907 Puerum
1637 1875 1813 1909 revera
1870 1866 2061 1924 gestum
2121 1863 2282 1924 egisse

407 1941 751 1990 concludimns
790 1957 851 1990 ex
890 1942 967 1990 his
1008 1942 1171 1991 verbis
1211 1940 1520 2006 (750—51):

661 2050 715 2102 τί
750 2069 860 2119 μου
900 2050 1156 2119 δέδραξαι
1188 2052 1341 2120 χερσὶ
1379 2044 1632 2121 κᾶντέχει
1668 2053 1922 2120 πέπλων,

661 2133 889 2200 νεοσσὸς
928 2127 1060 2190 ὡσεὶ
1098 2138 1378 2207 πτέρυγας
1418 2137 1723 2192 εἰσπίτνοον
1762 2134 1920 2209 ἐμάς,

406 2257 462 2306 V.
494 2260 593 2308 757
617 2272 724 2320 sqq.
762 2257 1115 2306 Andromacha
1160 2273 1267 2307 eum
1309 2258 1370 2306 ad
1411 2274 1464 2307 se
1505 2259 1685 2308 attollit
1721 2262 2012 2324 pectorique
2049 2263 2283 2326 apprimit

406 2343 758 2406 complectitur
808 2343 1073 2391 osculatur.
1150 2344 1497 2407 Apertissime,
1548 2360 1651 2393 eam
1705 2347 1964 2408 puerulum
2006 2349 2282 2408 sustulisse,

407 2445 505 2477 non
546 2443 599 2477 se
639 2428 701 2477 ad
742 2444 848 2477 eum
891 2428 1160 2490 demisisse,
1199 2431 1425 2492 sequitur
1465 2446 1526 2479 ex
1562 2431 1637 2479 his
1664 2432 1890 2481 versibus
1917 2432 2281 2494 (762—63):¹)

658 2531 974 2606 πρόσπιτνε
1012 2534 1115 2609 τὴν
1153 2539 1446 2605 τεκοῦσαν,
1487 2533 1623 2608 ἀμφὶ
1663 2532 1928 2604 δὀόλένας

659 2614 827 2676 ἕλισσ’
866 2620 1016 2693 ἐμοῖς
1055 2619 1287 2677 νώτοισι
1326 2623 1420 2677 καὶ
1459 2618 1616 2694 στόμ’
1656 2618 1918 2695 ἅρμοσον.

404 2741 466 2790 Se
524 2742 778 2805 applicare
831 2742 959 2791 enim
1014 2743 1180 2805 matri,
1235 2742 1438 2791 brachia
1489 2747 1631 2807 tergo
1683 2744 2012 2807 circumdare,
2067 2749 2122 2794 ut
2172 2761 2279 2795 eam

405 2828 678 2886 osculetur,
730 2844 831 2876 non
885 2831 1050 2891 potest
1097 2828 1359 2891 parvulus,
1411 2830 1493 2891 qui
1546 2829 1692 2879 modo
1731 2830 1857 2878 vesti
1897 2845 1948 2879 se
1987 2831 2280 2893 implicabat,

404 2913 498 2961 nisi
544 2913 783 2962 sublatus.
858 2913 1087 2963 Ceterum
1128 2929 1248 2963 sane
1288 2918 1491 2963 tenerae
1530 2915 1709 2964 aetatis
1747 2915 2105 2979 Astyanactem
2146 2918 2279 2978 cogi-

547 3076 582 3132 1)
615 3077 703 3121 Vix
736 3090 853 3133 opus
885 3082 958 3123 est
988 3091 1174 3123 monere
1195 3077 1563 3123 Andromacham
1595 3079 1789 3135 primum
1820 3079 1865 3122 in
1887 3091 2018 3123 curru
2039 3080 2278 3125 sedentem

403 3148 449 3192 in
493 3148 771 3193 orchestram
812 3150 1040 3194 invectam
1080 3163 1207 3206 esse,
1248 3149 1415 3195 deinde
1446 3163 1558 3195 vero
1589 3151 1646 3194 ad
1677 3151 1927 3195 orationem
1958 3151 2279 3207 proferendam

404 3219 527 3276 (636)
569 3220 844 3275 surrexisse,
883 3221 945 3264 ita
984 3225 1034 3264 ut
1073 3220 1191 3265 bene
1228 3220 1521 3277 intellegatur
1550 3221 1847 3278 Astyanactis
1887 3221 2064 3277 parvuli
2104 3226 2280 3279 gestus,

403 3290 497 3334 scil.
541 3303 631 3347 quo
677 3295 884 3346 matrem,
928 3296 978 3336 ut
1018 3305 1069 3336 se
1107 3292 1305 3343 attollat,
1347 3306 1534 3338 monere
1565 3296 1767 3338 conetur.
1828 3292 2043 3338 Fortasse
2075 3293 2282 3349 Euripidi

402 3361 532 3405 locus
574 3361 649 3406 ille
691 3361 963 3407 Homericus
1004 3363 1155 3407 animo
1197 3364 1470 3408 obversatus
1514 3369 1609 3420 est,
1650 3364 1774 3422 quod
1815 3377 1841 3408 a
1871 3364 2078 3408 Roberto
2119 3364 2279 3408 didici:

404 3433 461 3487 H,
486 3438 560 3476 7—
575 3438 647 3476 10:
677 3430 824 3490 κούρη
847 3433 1000 3490 νηπίη,
1022 3427 1051 3491 ἦ
1076 3429 1125 3478 θ’
1148 3427 1245 3490 ἅμα
1265 3435 1409 3493 μητρὶ
1431 3430 1595 3479 θέουσ’
1618 3430 1877 3479 ἀνελέσθαι
1901 3429 2092 3492 ἀνώγει,
2116 3431 2280 3480 εἱανοῦ

405 3497 648 3560 ἁπτομένη
690 3503 774 3548 καί
812 3498 853 3548 τ’
896 3500 1159 3562 ἐσσυμένην
1200 3507 1480 3565 κατερύκει,
1523 3502 1830 3565 δακρυόεσσα
1869 3502 1918 3551 δέ
1959 3522 2041 3562 μιν
2069 3503 2280 3566 ποτιδέρ-

403 3589 556 3631 κεται,
588 3568 702 3634 ὄφρ’
733 3569 968 3633 ἀνέληται.
