2548 4218
402 295 502 342 226

402 434 490 482 Ille
530 449 647 483 vero
689 449 865 482 versus
903 448 1108 496 prorsus
1147 435 1289 482 aliam
1330 433 1479 482 habet
1517 434 1750 498 speciem,
1786 435 1856 483 ita
1894 439 1948 483 ut
1987 436 2079 483 iam
2121 434 2273 483 omni-

403 520 491 568 bus
554 519 918 582 impedimentis
983 519 1184 568 remotis
1241 519 1494 582 equidem,
1558 519 1718 568 donec
1775 536 1872 568 non
1931 521 2144 569 certiora
2200 535 2277 567 me

401 604 644 667 refellant,
682 619 880 652 versum
924 604 1058 653 illum
1099 606 1147 653 in
1187 604 1400 667 pristino
1438 604 1547 653 loco
1585 604 1896 654 retinendum
1937 621 2181 654 censeam.

544 690 602 737 In
642 685 1009 752 Andromacha,
1059 705 1188 752 quae
1238 689 1513 737 secundum
1564 689 1883 738 scholiastam
1936 691 2135 739 videtur
2185 691 2276 738 sub

404 775 595 822 initium
636 774 750 822 belli
790 774 1198 837 Peloponnesiaci
1242 774 1388 822 docta
1427 789 1547 832 csse,
1586 773 1824 823 habemus
1862 790 2069 838 puerum
2099 791 2277 824 canen-

402 863 516 921 tem,
555 876 674 922 ergo
712 852 1165 926 παραχορήγημα,
1203 859 1408 909 filiolum
1449 859 1561 908 dico
1600 860 1994 922 Andromachae,
2033 876 2175 924 quem
2217 877 2278 909 ex

405 946 734 1008 Neoptolemo
786 946 995 1008 peperit.
1068 946 1126 994 V.
1155 948 1256 995 309
1309 961 1336 993 a
1376 945 1602 994 Menelao
1641 945 1690 994 in
1730 961 1960 995 scaenam
2001 945 2280 1007 adducitur,

404 1031 484 1080 ubi
526 1030 779 1094 putandus
819 1035 893 1079 est
930 1031 991 1079 ab
1032 1031 1140 1092 ipso
1168 1031 1392 1079 Menelao
1427 1033 1513 1079 aut
1539 1045 1685 1080 servo
1713 1031 1881 1094 aliquo
1908 1031 2082 1094 teneri,
2120 1030 2279 1079 donec

406 1120 576 1177 mater,
618 1119 670 1163 ut
707 1131 798 1177 pro
838 1131 896 1164 eo
937 1115 1192 1174 moriatur,
1231 1115 1293 1164 de
1331 1131 1418 1164 ara
1457 1115 1727 1164 descendat
1765 1114 1924 1175 (411).
1999 1117 2145 1166 Certe
2180 1131 2277 1164 non

403 1216 461 1248 ea
500 1201 661 1248 solum
701 1216 770 1261 re,
808 1199 897 1248 sed
937 1200 1084 1248 etiam
1125 1199 1396 1248 osculando
1437 1199 1791 1262 permulcendo
1832 1204 2108 1249 maternum
2137 1215 2277 1249 suum

402 1301 617 1333 amorem
671 1285 1038 1349 spectatoribus
1088 1285 1322 1334 ostendit.
1397 1286 1452 1334 V.
1477 1288 1579 1335 463
1630 1286 1774 1334 ambo
1819 1286 1869 1334 in
1910 1285 2106 1335 domum
2147 1289 2281 1334 eunt.

404 1371 460 1419 V.
499 1374 603 1420 494
660 1370 876 1419 redeunt
931 1374 1089 1419 morte
1142 1370 1377 1420 damnati.
1469 1371 1703 1434 Sequitur
1753 1375 1928 1420 cantus
1982 1372 2282 1420 amoebaeus

404 1457 576 1505 matris
614 1461 663 1505 et
700 1457 799 1505 filii.
877 1458 929 1505 V.
959 1459 1059 1507 529
1100 1457 1362 1520 parvuluS,
1412 1458 1495 1519 qui
1535 1472 1633 1505 non
1672 1460 1726 1506 ut
1765 1461 1922 1506 mater
1960 1457 2156 1505 vinctus
2193 1459 2284 1518 est,

404 1557 566 1604 genua
622 1543 836 1591 Menelai
894 1543 1226 1606 amplectitur.
1325 1544 1504 1591 Postea
1561 1535 1708 1606 (722)
1765 1540 1893 1590 idem
1952 1542 2087 1591 Pelei
2145 1541 2282 1590 iussu

404 1627 544 1675 matri
595 1643 655 1675 ex
707 1628 921 1676 vinculis
973 1627 1242 1676 solvendae
1281 1626 1437 1676 adest.
1455 1625 1489 1686 ¹)
1576 1629 1705 1676 Tum
1746 1627 1868 1687 (757
1898 1631 2024 1690 sqq.)
2063 1643 2093 1675 a
2132 1627 2282 1675 Peleo

406 1713 550 1761 ambo
589 1713 638 1761 in
679 1712 875 1762 domum
918 1714 1190 1762 mittuntur.
1265 1715 1447 1762 Postea
1486 1728 1595 1761 cum
1631 1713 1780 1761 Peleo
1820 1728 1994 1762 rursus
2031 1728 2284 1776 pronepos

403 1798 565 1847 redire
618 1798 815 1847 videtur
868 1798 1071 1863 (1047),
1121 1799 1251 1862 quod
1306 1799 1531 1863 sequitur
1584 1815 1645 1848 ex
1684 1798 1910 1848 Thetidis
1957 1799 2080 1847 deae
2120 1795 2283 1847 verbis

404 1883 586 1944 (12462
625 1879 718 1931 καὶ
757 1879 932 1932 παῖδα
970 1876 1134 1932 τόνδε
1172 1882 1330 1944 κτλ).

476 1970 532 2017 In
575 1963 853 2018 Heraclidis
891 1969 953 2018 ab
991 1970 1099 2032 ipso
1138 1969 1278 2018 initio
1316 1970 1518 2018 fabulae
1558 1985 1784 2032 magnam
1826 1985 2095 2032 puerorum
2124 1969 2285 2018 multi-

404 2054 625 2104 tudinem
675 2056 858 2104 circum
898 2056 1088 2104 Iolaum
1129 2056 1191 2104 ad
1229 2071 1366 2104 aram
1406 2056 1561 2114 Iovis,
1612 2071 1740 2118 quae
1781 2059 1855 2103 est
1893 2058 2008 2104 ante
2047 2055 2283 2117 templum

405 2140 626 2190 eiusdem
667 2141 763 2204 dei,
802 2141 1035 2190 sedentes
1072 2141 1322 2199 videmus;
1361 2141 1424 2189 cf.
1465 2157 1510 2190 V.
1539 2145 1660 2190 122:

748 2250 832 2313 τίς
871 2245 1041 2318 ὄχλον
1078 2243 1236 2303 τόνδ’
1274 2243 1597 2319 ἀθροίζεται
1634 2247 1795 2319 τύχη,·

573 2344 699 2392 239:
739 2338 990 2389 νεοσσῶν
1026 2329 1183 2404 τήνδ’
1223 2332 1364 2404 ἔχων
1404 2326 1689 2406 ὁμήγυριν.

407 2456 594 2505 Sedent
631 2456 885 2519 supplices
925 2457 1067 2519 pueri
1104 2456 1236 2505 circa
1264 2470 1457 2518 senem3
1496 2471 1668 2504 omnes
1692 2455 1846 2517 igitur
1874 2454 2099 2503 manibus
2125 2470 2289 2506 ramos

412 2543 524 2589 lana
577 2542 842 2590 obvolutos
892 2544 1066 2590 tenent
1118 2540 1204 2602 (cf.
1244 2557 1290 2588 v.
1320 2540 1427 2600 71):
1479 2556 1600 2589 sane
1651 2544 1909 2603 aspectum
1962 2540 2284 2589 miserabilem

412 2643 503 2675 nec
554 2643 653 2676 non
701 2627 1026 2676 dramaticum
1067 2627 1383 2691 praebentes.
1457 2627 1694 2690 Sequitur
1731 2641 1914 2675 scaena
1953 2626 2036 2674 illa
2075 2626 2288 2690 turbida,

408 2729 508 2775 qua
548 2712 770 2776 Copreus
822 2729 1007 2776 praeco
1060 2728 1228 2762 senem
1280 2713 1340 2761 de
1393 2729 1479 2761 ara
1531 2712 1793 2762 detrahere
1848 2716 2077 2770 conatur,
2129 2713 2197 2760 ita
2236 2717 2290 2761 ut

407 2799 487 2846 ille
528 2799 659 2847 humi
701 2799 934 2848 concidat
973 2796 1056 2862 (cf.
1096 2815 1141 2847 v.
1172 2797 1308 2859 128).
1382 2798 1545 2847 Senex
1586 2803 1635 2848 et
1673 2798 1817 2862 pueri
1855 2799 2046 2859 magnis
2084 2797 2289 2847 vocibus

412 2885 630 2933 clamant
668 2884 749 2945 (cf.
787 2902 868 2934 vv.
897 2889 996 2936 126
1025 2883 1169 2949 sqq.).
1244 2885 1541 2948 Quanquam
1585 2885 1712 2934 enim
1754 2884 1907 2932 verba
1945 2884 2115 2946 pueris
2143 2888 2289 2946 poeta

410 2970 549 3018 nulla
587 2970 779 3030 tribuit,
830 2975 994 3020 tamen
1035 2972 1274 3020 clamasse
1313 2986 1398 3020 eos
1437 2975 1580 3034 put0‚
1631 2970 1746 3033 quia
1783 2969 1907 3018 tales
1946 2984 2117 3031 voccS,
2167 2982 2288 3031 quas

412 3072 511 3104 nou
567 3057 855 3105 articulatas
907 3057 1136 3121 dicimus,
1187 3058 1385 3120 saepius
1435 3058 1484 3105 in
1537 3071 1718 3105 scaena
1769 3056 1974 3118 antiqua
2012 3053 2288 3104 occurrisse

411 3141 669 3204 probabile
708 3147 801 3205 est3
841 3143 903 3191 cf.
943 3159 983 3192 e.
1010 3161 1055 3208 g.
1085 3144 1201 3192 Eur.
1228 3143 1398 3206 Suppl.
1430 3146 1550 3193 104:

795 3237 806 3253 r
910 3229 921 3248 ²
975 3228 988 3249 (
1184 3234 1197 3251 r
1362 3235 1375 3253 )
1521 3232 1533 3248 Ι
1703 3227 1728 3248 (Ι
1809 3255 1819 3265 ι

753 3256 835 3298 τις
874 3238 907 3290 ὁ
961 3257 991 3290 o
1033 3243 1313 3306 στεναζων
1353 3255 1414 3290 εν
1451 3239 1659 3298 πυλαις
1698 3235 1814 3298 οδε,

556 3391 590 3447 ¹)
623 3391 673 3436 Ο.
695 3391 856 3436 Miiller
897 3392 967 3447 (H.
991 3394 1040 3437 L.
1072 3393 1135 3448 14,
1166 3406 1210 3448 p.
1234 3396 1314 3436 593
1338 3392 1459 3449 adn.)
1501 3394 1632 3447 putat
1671 3390 1855 3435 Peleum
1886 3389 2139 3433 Molossum
2171 3403 2212 3446 q.
2245 3389 2290 3432 d.

413 3462 680 3516 sustulisse,
722 3467 771 3506 ut
812 3462 1016 3508 solveret
1056 3468 1265 3519 matrem3
1307 3463 1432 3520 quod
1472 3463 1518 3506 in
1559 3465 1689 3505 textu
1727 3461 1912 3506 omnino
1944 3473 2038 3504 non
2068 3459 2291 3503 indicatur

414 3525 554 3589 (ἕρπε
587 3526 714 3591 δεῦρ’
747 3527 824 3576 ὑπ’
857 3527 1101 3589 ἀγκάλας).
1163 3535 1404 3580 Praeterea
1434 3533 1686 3578 Molossum
1728 3531 1882 3590 paullo
1924 3535 2033 3577 natu
2073 3531 2291 3576 maiorem

414 3603 556 3650 fuisse
587 3603 700 3650 infra
730 3604 922 3652 doceb0.
