2548 4218
2038 291 2138 338 245

272 428 516 477 canticum
557 430 606 477 et
645 427 975 478 narrationem
1019 429 1278 492 Epitomae
1307 429 1576 478 Vaticanae
1615 429 1822 478 eandem
1863 431 2140 493 exprimere

271 514 469 562 fabulae
526 513 745 562 formam.
846 513 982 562 Idem
1042 516 1175 563 valet
1232 514 1291 563 de
1350 515 1630 578 Aeschylea
1685 516 1972 564 narratione
2030 531 2138 564 cum

273 598 608 661 Apollodorea
672 604 972 662 comparata.
1064 601 1242 663 Neque
1306 601 1434 648 enim
1500 601 1549 648 iu
1617 615 1674 649 eo
1728 601 1921 649 haereri
1978 600 2141 664 debet,

270 683 403 745 quod
456 683 588 746 apud
637 684 994 746 Apollodorum
1034 686 1238 734 Atreum
1291 702 1382 748 per
1433 685 1597 734 dolum
1651 686 1851 734 fratrem
1905 686 2141 735 alvlexisse

270 769 506 831 legimus,
557 769 618 817 de
657 786 755 832 qua
790 786 848 818 re
888 775 1019 819 tacet
1057 772 1349 834 Aeschylus.
1423 771 1695 834 Aegisthus
1734 773 1862 821 enim
1902 787 2139 820 summam

269 857 461 902 tantum
524 870 689 903 rerum
746 856 934 918 tangit3
1004 856 1174 920 itaque
1235 857 1510 905 sat-ishabet
1567 857 1772 905 iniurias
1836 857 2141 920 supplicibus

271 939 431 987 illatas
471 940 663 998 afferre,
704 956 802 1002 quo
843 956 1031 990 summo
1071 943 1259 990 scelere
1296 942 1437 1002 illud,
1477 942 1611 1004 quod
1651 941 1916 990 amicitiam
1946 943 2140 991 simula-

274 1027 430 1087 verat,
458 1026 597 1087 quasi
625 1025 914 1074 involvitur.
941 1028 944 1032 '
989 1027 1165 1089 Itaque
1193 1044 1253 1075 ex
1279 1027 1471 1076 verbis:
1510 1015 1934 1090 προστρόπαιος
1961 1019 2140 1085 ἑστίας

265 1100 459 1173 μολών
504 1101 677 1157 πάλιν
714 1112 987 1173 Thyestam
1027 1117 1203 1175 sponte
1242 1114 1446 1162 rediisse
1486 1114 1717 1162 concludi
1758 1128 1905 1176 posse
1946 1129 2087 1176 nego.
2103 1111 2140 1171 1)

271 1195 450 1243 Nonne
491 1203 876 1244 consentaneum
919 1202 1017 1255 est,
1057 1198 1103 1244 in
1145 1199 1287 1260 epico
1333 1200 1565 1260 carmine,
1613 1200 1753 1246 cuius
1793 1202 2139 1260 argumentum

267 1284 375 1328 erat
423 1281 573 1344 impia
624 1282 832 1330 fratrum
886 1282 970 1341 lis,
1024 1287 1277 1331 narratum
1332 1284 1510 1346 fuisse,
1557 1284 1830 1346 Thyestam
1879 1289 2140 1346 tantopere

265 1370 471 1429 propter
525 1367 758 1429 pristinas
810 1368 1012 1416 iniurias
1051 1368 1194 1416 fratri
1234 1369 1487 1427 diffidere,
1528 1373 1581 1417 ut
1620 1369 1822 1417 deorum
1864 1385 1917 1417 se
1956 1370 2141 1419 tutelae

267 1451 475 1500 credere
516 1454 692 1502 malit?
740 1455 814 1501 lta
852 1454 898 1502 in
941 1455 1192 1517 Euripidis
1230 1455 1517 1503 Phoenissis
1555 1449 1679 1519 (272
1698 1454 1824 1518 sqq.)
1863 1456 2140 1518 Polynices,

266 1538 455 1586 etiamsi
507 1524 873 1597 ὑπόσπονδος
925 1541 1078 1588 intrat
1128 1541 1325 1604 urbem,
1374 1547 1539 1590 tamen
1588 1542 1899 1604 turpissimas
1936 1542 2140 1590 insidias

265 1623 355 1671 sibi
394 1625 560 1685 parari
601 1626 899 1687 suspicatur,
939 1641 1047 1673 eum
1089 1621 1334 1689 βωμίους
1372 1618 1601 1690 ἐσχάρας
1640 1628 1886 1690 respiciat,
1927 1627 1989 1675 ad
2018 1644 2141 1691 quas

265 1708 534 1770 confugiat.
628 1711 736 1758 Hoc
797 1711 981 1759 veteris
1035 1713 1268 1759 carminis
1333 1717 1678 1774 argumentum
1744 1714 2028 1762 etiamnunc
2090 1714 2138 1762 in

266 1792 503 1841 Vaticana
555 1796 840 1844 nari-afflone
892 1795 1247 1858 discernimuS,
1301 1813 1399 1859 qua
1438 1798 1644 1860 Atreus,
1684 1801 1944 1860 postquam
1985 1799 2139 1847 amice

263 1877 467 1928 fratrem
508 1880 836 1944 revocaverit,
876 1882 982 1929 eius
1023 1881 1206 1930 liberos
1245 1883 1497 1945 supplices
1537 1884 1585 1931 in
1624 1899 1711 1931 ara
1743 1885 1872 1932 Iovis
1912 1884 2140 1932 sedentes

265 1965 560 2014 maetavisse
599 1966 825 2015 traditur.
865 1993 932 1999 -—
973 1967 1112 2027 Quae
1140 1984 1247 2016 eum
1277 1970 1344 2017 ita
1371 1970 1481 2032 sint,
1521 1985 1613 2032 ego
1654 1985 1752 2017 non
1794 1970 1965 2018 dubito
2004 1971 2135 2018 illam

263 2050 651 2113 Apollodoream
705 2053 1036 2101 narrationem
1080 2069 1169 2115 pro
1209 2054 1413 2117 antiqua
1453 2055 1687 2103 memoria
1726 2055 1936 2117 habere,
1975 2057 2138 2118 qualis

262 2135 477 2185 fortasse
528 2137 662 2198 apud
704 2138 1041 2200 Pherecydem
1094 2139 1378 2201 legebatur,
1435 2141 1513 2188 cui
1552 2141 1693 2188 etiam
1735 2141 1826 2188 Th.
1855 2138 2135 2203 voigtius2)

262 2222 476 2283 priorem
526 2228 719 2285 partem
760 2223 929 2272 tribuit
967 2240 1027 2272 ex
1068 2226 1366 2273 auctoritate
1406 2226 1557 2274 schol.
1598 2227 1713 2274 Eur.
1751 2226 1832 2276 Or.
1861 2230 1960 2276 997
2001 2228 2137 2275 ABI:

269 2298 581 2371 Φερεκύδης
622 2301 679 2355 δὲ
718 2295 784 2355 οὐ
825 2295 956 2356 καθ’
989 2295 1189 2372 Ἑρμοῦ
1227 2305 1398 2373 μῆνίν
1430 2320 1562 2375 φησι
1588 2302 1690 2376 τὴν
1720 2301 1861 2375 ἄρνα
1886 2298 2137 2377 ὑποβλη-

261 2388 464 2456 θῆναι,
518 2379 638 2439 ἀλλ’
673 2379 993 2456 Ἀρτέμιδος.
1009 2390 1050 2456 3)
1126 2395 1219 2444 Sed
1269 2394 1427 2443 eidem
1469 2399 1572 2443 tota
1611 2398 1831 2444 narratio
1872 2397 2137 2445 tribuenda

263 2477 379 2525 mihi
419 2477 643 2536 videtur;
684 2494 793 2526 nam
835 2495 942 2527 eum
985 2481 1182 2529 omnino
1224 2481 1284 2528 de
1324 2480 1527 2529 fratrum
1565 2481 1676 2529 rixa
1703 2487 1854 2543 atque
1882 2484 2136 2531 notissima

261 2561 345 2610 illa
380 2577 505 2610 cena
531 2563 785 2626 Thyestae
826 2565 1038 2613 tacuisse
1074 2581 1171 2614 non
1202 2565 1439 2614 credibile
1470 2570 1558 2626 est,
1598 2567 1841 2629 siquidem
1870 2584 1929 2616 ea
1954 2569 2134 2617 iamdiu

261 2647 322 2695 ab
361 2648 590 2697 omnibus
628 2648 915 2698 ferebantur
954 2641 1043 2710 (τὰ
1081 2642 1347 2714 ἐπώνυμα
1388 2646 1587 2699 δεῖπνα
1626 2647 1911 2713 Θυέστου).
1990 2654 2134 2715 Quod

259 2812 427 2857 factum
457 2817 691 2870 putamus,
723 2814 789 2858 sic
819 2814 1020 2860 fortasse
1050 2816 1368 2871 explicandum
1402 2822 1485 2873 est,
1518 2821 1568 2861 ut
1597 2831 1792 2873 poenam
1823 2819 1954 2864 Atrei
1983 2822 2028 2863 in
2059 2820 2136 2865 illa

259 2883 411 2929 sabula
450 2898 543 2929 non
587 2885 674 2929 iam
715 2886 965 2930 desiderari
1011 2890 1287 2943 statuamus;
1334 2902 1427 2932 non
1475 2889 1593 2933 enim
1642 2894 1800 2935 votum
1846 2891 2132 2948 neglexerat3

259 2955 472 3011 Aeropae
505 2956 624 3000 enim
654 2957 924 3001 adulterium
955 2971 1039 3014 pro
1055 2959 1185 3003 Atrei
1214 2972 1365 3015 poena
1394 2960 1440 3003 in
1470 2960 1662 3016 pristina
1691 2960 1844 3006 fabula
1873 2962 2131 3008 habendum

259 3031 343 3072 est.
403 3027 455 3071 In
485 3029 739 3074 recentiore
769 3033 919 3074 autem
951 3028 1104 3074 fabula
1123 3031 1294 3075 Atreus
1324 3035 1433 3087 post
1463 3044 1622 3076 cenam
1654 3032 1836 3078 demum
1869 3034 2030 3079 sceleri
2062 3039 2135 3080 est

259 3098 504 3144 obnoxius.

404 3171 439 3226 ¹)
471 3170 596 3224 Quae
642 3175 716 3215 cst
766 3170 982 3216 Straussii
1026 3173 1276 3217 sententia:
1331 3173 1400 3217 De
1444 3174 1618 3220 ratione
1663 3175 1781 3220 inter
1820 3175 2039 3221 Senecam
2087 3181 2134 3221 et

258 3241 468 3297 antiquas
516 3239 692 3286 fabulas
731 3243 961 3288 Romanas
1001 3244 1340 3328 intercedente,
1382 3245 1563 3290 dissert.
1594 3245 1743 3303 inaug.
1775 3247 1984 3292 Rostoch
2014 3252 2131 3304 1887,

257 3325 301 3367 p.
330 3315 395 3368 61,
427 3326 469 3356 n.
497 3317 532 3358 1.

402 3385 439 3439 2)
471 3385 519 3427 L.
542 3398 596 3437 c„
625 3399 668 3441 p.
693 3391 887 3444 4008qq.

400 3457 436 3510 ·¹)
468 3456 716 3512 Voigtius'
704 3470 791 3501 iam
813 3458 928 3502 vidit
959 3461 1023 3515 (p.
1046 3461 1162 3515 405),
1194 3473 1286 3504 non
1318 3460 1516 3505 iratam
1547 3461 1738 3505 Dianam
1769 3461 2129 3518 intellegendam

259 3537 388 3580 esse,
433 3526 517 3569 sed
554 3527 664 3571 nihil
708 3528 795 3572 nisi
825 3528 936 3573 hoc.
984 3530 1174 3576 Dianam
1214 3543 1380 3590 agnum
1423 3531 1626 3593 misisse,
1673 3534 1736 3577 ita
1776 3538 1826 3578 ut
1865 3534 2020 3594 potius
2051 3526 2130 3580 ὑπ’

249 3589 511 3653 Αρτὲμιδος
540 3597 784 3657 legendum
817 3600 890 3647 sit
