2548 4218
420 287 522 334 244

417 417 656 486 δύσθεος
691 442 873 494 πατηρ
903 416 1131 493 Ἀτρεὺς,
1171 445 1307 494 προ·
1400 420 1606 495 ἄκρων,
1644 425 2034 500 ἐμφορηθέντα
2064 431 2122 484 δὲ
2149 430 2286 483 δείκ-

415 504 613 576 θύμως
632 503 1117 589 μᾶλλονῆφίψλως,
1137 511 1308 580 πατρὶ
1399 527 1522 564 νυσι
1560 509 1628 564 τὰ
1667 507 1809 581 ἄκρα
1849 516 1941 567 καὶ
1977 518 2073 587 τῆς
2102 512 2290 585 χώρας

417 586 600 662 τῷμῷ,
625 597 941 662 κρεοῦογον
968 591 1114 663 ἦμαρ
1141 588 1308 649 εὐθύ·
1395 589 1572 649 αὐτὸν
1609 594 1880 663 ἐκβάλλει.

412 697 529 746 μως
589 671 742 747 ἄγειν
802 678 1016 745 δοκῶν,
1069 681 1310 750 παρέσχε

417 764 578 816 δαῖτα
611 765 884 817 παιδείων
920 768 1120 834 κρεῶν.
1154 774 1210 828 —i-
1242 761 1311 819 τὰ

411 849 513 917 μὲν
564 845 784 920 ποδήρη
835 850 928 902 καὶ
981 853 1164 920 χερῶν
1221 846 1311 904 ἀκ-

413 928 548 1003 ρούς
583 934 783 998 κτένας
816 942 871 996 -Ι-
905 929 1142 1005 ἔθρυπτ’
1169 929 1310 989 ἄνοο-

412 1024 519 1072 θεν
616 1014 895 1089 ἀνδρακὰς
993 1018 1311 1093 καθήμενος

415 1097 576 1175 ἄσημ’
606 1122 616 1131 ·
645 1098 674 1157 ὃ
739 1098 786 1159 δ’
865 1100 1059 1160 αὐτῶν
1131 1100 1311 1160 αὐτίκ’

411 1183 611 1262 ἀγνοίᾳ
670 1186 863 1256 λαβών
921 1189 1074 1245 ἔσθει
1134 1190 1311 1262 βορὰν

413 1272 637 1332 ἄσωτον
674 1281 791 1330 κτλ.

556 1368 836 1417 Mirandum
894 1385 990 1418 non
1043 1373 1142 1428 est,
1194 1386 1292 1418 non
1333 1372 1524 1429 omnia,
1576 1387 1705 1434 quae
1754 1373 1883 1435 apud
1924 1372 2285 1436 Apollodorum

411 1459 710 1516 narrantur,
766 1455 815 1503 in
869 1454 1142 1518 Euripiden
1199 1472 1397 1518 quoque
1456 1457 1650 1505 cantico
1708 1472 1997 1521 occurrere,
2053 1460 2287 1521 quoniam

411 1545 560 1603 poeta
607 1557 698 1603 pro
757 1541 893 1589 chori
952 1541 1147 1590 sublimi
1203 1542 1400 1590 dicendi
1457 1542 1651 1591 ratione
1708 1559 1787 1591 res
1843 1545 2150 1593 subobscure
2205 1545 2288 1593 ab·

410 1630 658 1690 rupteque
698 1627 903 1690 profert.
979 1629 1151 1690 Itaque
1190 1627 1240 1675 in
1279 1628 1419 1676 initio
1459 1628 1764 1691 potissimum
1802 1630 1901 1678 noli
1930 1629 2289 1692 discrepantias

410 1718 646 1761 statuere.
745 1713 989 1761 Nimirum
1056 1714 1365 1776 Epitomator
1429 1714 1696 1763 Vaticanus
1766 1716 2026 1778 pristinam
2088 1715 2289 1778 fabulae

410 1799 618 1847 formam
657 1800 817 1860 affert,
856 1798 1132 1847 secundum
1168 1815 1312 1862 quam
1343 1800 1495 1848 totius
1523 1799 1716 1848 discidii
1745 1801 1883 1862 origo
1911 1801 1972 1849 ad
2002 1797 2285 1864 neglectum

411 1886 551 1934 Atrei
592 1888 788 1947 votum,
839 1876 970 1947 Quod
1013 1886 1204 1934 Dianae
1257 1886 1467 1948 fecerat,
1517 1885 1894 1945 referebatur.¹)
1982 1887 2130 1948 Quod
2168 1902 2287 1936 vero

411 1971 677 2034 Euripides
725 1971 785 2019 de
825 1974 939 2020 voto
978 1971 1065 2019 illo
1104 1972 1302 2019 omnino
1356 1975 1516 2033 tacet,
1566 1971 1680 2020 inde
1713 1987 1841 2021 eum
1895 1973 2041 2021 aliam
2079 1972 2285 2021 formam

410 2057 658 2120 respicere
735 2057 899 2119 colligi
977 2058 1163 2119 nequit.
1279 2056 1431 2105 Simili
1506 2057 1749 2106 brevitate
1822 2063 1994 2120 postea
2064 2057 2287 2107 miraculi

409 2142 546 2191 illins
584 2142 803 2190 rationes
843 2157 1050 2205 prorsus
1091 2142 1298 2202 omittit,
1336 2158 1447 2190 cum
1488 2142 1610 2189 nihil
1649 2142 1784 2191 dicat
1822 2142 1882 2190 de
1921 2142 2006 2190 illa
2045 2143 2290 2207 pactione,

410 2244 559 2291 quam
599 2229 822 2290 Iuppiter
859 2228 1066 2276 Atreum
1110 2243 1219 2275 cum
1261 2228 1483 2290 Thyesta
1524 2227 1690 2277 facere
1729 2229 1957 2277 iusserat.
2033 2229 2186 2276 Immo
2226 2218 2287 2276 eir

410 2315 482 2363 eis
536 2314 724 2372 verbis,
782 2313 963 2376 quibus
1013 2329 1193 2376 agnum
1247 2329 1454 2362 aureum
1505 2313 1769 2362 advenisse
1820 2313 1940 2362 dicit
1989 2311 2287 2374 (Πᾶνα...

405 2394 646 2464 χρυσέαν
683 2388 823 2464 ἄρνα
850 2437 862 2448 .
888 2436 900 2448 .
927 2436 937 2448 .
962 2396 1271 2464 πορεῦσαι),
1310 2404 1482 2463 patere
1522 2400 1640 2447 mihi
1678 2399 1890 2462 videtur,
1929 2415 2038 2448 eum
2079 2399 2285 2448 similem

410 2494 560 2549 atque
616 2487 989 2549 epitomatorem
1048 2485 1270 2534 fabulam
1327 2487 1377 2533 in
1435 2489 1598 2533 mente
1657 2485 1906 2534 habuisse.
2009 2486 2065 2534 In
2122 2486 2288 2548 prisca

411 2574 540 2621 enim
600 2572 768 2620 fabula
825 2572 1126 2620 narrabatur
1199 2587 1382 2634 agnum
1457 2571 1878 2634 nescioquomodo
1937 2571 2101 2620 subito
2156 2571 2288 2620 inter

410 2675 593 2721 pecora
633 2659 772 2707 Atrei
826 2657 1116 2722 apparuisse
1170 2644 1359 2720 (ἅρνὸς
1412 2652 1713 2722 φανείσης).
1795 2657 1931 2705 Idem
1985 2662 2118 2706 certe
2169 2657 2290 2706 dicit

411 2744 700 2807 Euripides,
741 2743 985 2808 siquidem
1029 2745 1260 2801 Faunae,
1301 2743 1424 2791 deus
1464 2758 1728 2806 pecorum,
1767 2743 2075 2792 sollemniter
2112 2743 2286 2791 talium

410 2846 575 2879 rerum
630 2833 805 2879 auctor
860 2830 1143 2893 putabatur.
1219 2830 1383 2878 Alit-er
1422 2831 1619 2877 constat
1656 2844 1759 2877 rem
1801 2832 2049 2877 narratam
2091 2844 2197 2878 esse
2235 2828 2284 2877 in

410 2917 687 2965 recentiore
728 2916 895 2965 fabula
941 2915 1093 2979 (quae
1132 2916 1278 2964 etiam
1318 2914 1367 2963 in
1411 2913 1731 2964 Alcmeonide
1786 2911 2125 2974 occurrebat),
2164 2929 2232 2963 sc.
2257 2929 2287 2963 a

411 3003 657 3051 Mercurio
696 3019 878 3064 agnum
916 3003 1115 3050 missum
1146 3016 1267 3050 esse.
1341 3002 1460 3049 Eam
1489 2999 1695 3049 formam
1725 2999 1991 3064 Euripides
2017 3001 2065 3048 in
2094 2999 2286 3049 Orestis

411 3088 609 3137 chorico
666 3087 788 3148 (995
806 3084 932 3151 sqq.)
990 3089 1242 3150 sequitur,
1312 3086 1393 3135 ubi
1461 3086 1587 3135 aliae
1655 3101 1856 3149 quoque
1923 3085 2286 3149 discrepantiae

411 3180 706 3232 occurrunt,
758 3190 887 3236 quae
934 3173 1068 3223 haud
1107 3174 1210 3222 scio
1250 3189 1311 3221 an
1356 3178 1493 3221 recte
1533 3171 1690 3220 eidem
1730 3171 1925 3220 auctori
1962 3171 2286 3221 ascribendae

410 3260 523 3307 sint.
538 3257 577 3318 2)
652 3258 749 3307 Sed
789 3262 899 3307 utut
938 3259 1032 3307 hoc
1072 3263 1160 3322 est,
1197 3273 1289 3320 pro
1329 3260 1465 3306 certo
1506 3256 1692 3319 accipio
1721 3255 2025 3319 Euripideae
2054 3257 2285 3305 Electrae

555 3398 589 3451 ¹)
621 3394 690 3440 Of.
722 3395 808 3440 Th.
829 3395 995 3451 Voigt,
1026 3395 1094 3439 De
1125 3395 1258 3440 Atrei
1297 3398 1344 3439 et
1373 3394 1609 3452 Thyestae
1641 3391 1815 3449 fabula,
1848 3393 2099 3438 dissertatt.
2127 3393 2281 3450 philol.

409 3468 510 3511 Hal.
531 3468 595 3512 VI
677 3471 803 3511 .334.

552 3482 781 3595 2)‚N11)irum
813 3539 932 3583 enim
964 3538 1051 3582 hoc
1082 3538 1372 3594 potissimum
1404 3541 1476 3582 est
1505 3537 1549 3580 in
1579 3536 1657 3580 illo
1689 3536 1883 3591 cantico,
1915 3537 2041 3593 qnod
2069 3535 2284 3592 Aeropae

411 3609 681 3656 adulterium
722 3613 832 3668 post
873 3622 1030 3656 cenam
1063 3609 1296 3668 Thyestae
1337 3608 1519 3653 demum
1552 3610 1768 3652 narratur.
1829 3607 1962 3662 Quod
1993 3607 2081 3651 nisi
2110 3611 2285 3653 temere
