2548 4218
404 269 504 316 232

405 407 670 456 admodum
711 407 970 470 potuerint
1006 409 1203 467 matres,
1241 422 1384 469 quae,
1424 410 1478 455 ιιι
1516 407 1706 470 opinor,
1745 408 2027 471 Vfuerunt,
2066 410 2111 458 in
2149 408 2273 458 duas

405 496 576 553 partes
616 491 895 539 discedere:
936 506 1113 555 nempe
1152 495 1286 540 totns
1324 492 1528 554 chorus,
1567 493 1650 555 qui
1690 509 1781 556 pro
1821 494 2058 543 matribus
2096 495 2273 557 accipi·

403 576 560 625 endus
599 579 721 636 erat,
760 576 807 624 in
850 577 1156 624 hemichoria
1194 577 1383 625 divisus
1422 580 1511 625 est.

548 676 649 723 Iam
690 676 782 722 hac
821 690 875 723 re
916 675 1170 724 intellecta
1209 691 1407 724 carmen
1448 675 1571 723 illud
1613 677 1932 726 amoebaeum
1961 671 2122 741 (1123
2144 676 2275 742 sqq.)

402 760 649 823 quomodo
690 764 940 808 cantatum
981 761 1043 808 sit
1082 760 1304 824 quidque
1331 761 1480 815 simul
1500 761 1549 809 in
1577 776 1758 810 scaena
1784 765 1962 826 actum,
1999 763 2274 813 videamus.

402 846 474 894 Eo
526 846 653 893 enim
707 846 754 893 in
808 845 918 894 loco
968 846 1120 894 totius
1171 847 1480 908 quaestionis
1531 846 1682 895 cardo
1732 847 1958 896 vertitur.
2042 852 2097 898 V.
2139 852 2275 898 1114

401 930 613 979 redeunt
652 931 796 993 pueri
837 934 1029 992 patrum
1074 931 1310 993 reliquias
1351 932 1629 980 afferentes.
1703 934 1917 983 Putandi
1957 940 2120 985 autem
2160 915 2275 984 sunt

401 1016 580 1078 singuli
634 1016 854 1078 singulas
906 1017 1171 1078 amphoras
1222 1018 1451 1066 manibus
1500 1021 1693 1080 tenere,
1749 1019 1881 1082 quod
1934 1023 2161 1084 sequitur
2213 1037 2272 1070 ex

400 1103 584 1150 Thesei
624 1102 791 1150 verbis
831 1102 906 1150 his
945 1103 1101 1157 (1165
1124 1099 1277 1165 sqq.):

656 1203 913 1280 Ἄδραστε
951 1212 1045 1263 καὶ
1084 1221 1342 1280 γυναῖκες
1365 1205 1595 1282 Ἀργεῖαι
1633 1213 1806 1282 γένος,

658 1296 827 1366 ὁρᾶτε
865 1298 1068 1360 παῖδας
1105 1290 1299 1351 τούσδ’
1338 1295 1566 1366 ἔχοντας
1604 1297 1664 1351 ἐν
1698 1309 1888 1368 χεροῖν

655 1382 918 1451 πατέρων
957 1375 1203 1452 ἀρίστων
1240 1377 1461 1453 σώμαθ’
1499 1373 1580 1436 ὦν
1616 1381 1928 1456 α’νειλόμην.

403 1505 552 1552 Errat
605 1504 731 1552 enim
786 1503 1079 1552 Arnoldtius
1130 1499 1181 1565 (l.
1210 1519 1250 1552 c.
1290 1520 1334 1566 p.
1363 1506 1464 1554 266
1489 1502 1642 1567 sqq),
1692 1520 1802 1553 cum
1859 1509 2007 1567 neget
2059 1505 2277 1569 Capanei

402 1591 597 1638 cineres
636 1606 664 1638 a
703 1604 862 1652 puero
902 1591 950 1638 in
989 1604 1218 1638 scaenam
1262 1589 1458 1652 referri,
1495 1606 1607 1639 nam
1649 1591 1767 1653 quia
1807 1590 1912 1640 eius
1952 1606 2136 1654 corpus
2177 1607 2275 1640 non

404 1680 546 1723 extra
574 1690 804 1724 scaenam
835 1680 1104 1724 crematum
1135 1677 1212 1738 sit,
1239 1675 1325 1724 sed
1354 1691 1508 1739 prope
1536 1677 1790 1739 templum,
1817 1692 1879 1725 ne
1905 1692 2053 1740 posse
2075 1676 2275 1740 quidem

403 1762 595 1809 cineres
649 1762 754 1809 eius
807 1778 835 1809 a
885 1777 1041 1824 puero
1097 1761 1274 1810 allatos
1324 1776 1447 1810 esse.
1521 1763 1650 1810 Nam
1698 1778 1760 1810 ex
1812 1763 1949 1811 chori
2002 1761 2127 1823 (980
2147 1760 2277 1826 sqq.)

403 1847 568 1896 verbis
608 1848 851 1910 sequitur,
890 1847 1108 1909 Capanei
1146 1863 1343 1910 quoque
1385 1863 1568 1910 corpus
1605 1848 1655 1895 in
1683 1848 1828 1897 domo
1861 1848 2026 1911 aliqua
2052 1850 2279 1912 cremari,

403 1932 536 1994 quod
573 1933 650 1980 vel
690 1948 748 1981 eo
787 1933 1024 1992 firmatur,
1064 1933 1197 1995 qnod
1224 1933 1435 1981 Euadna
1473 1934 1520 1981 in
1559 1935 1723 1996 ignem
1765 1933 1940 1982 desilit.
1967 1935 2162 1982 —lam
2203 1935 2278 1983 in-

403 2018 523 2080 cipit
581 2022 757 2066 cantus
816 2018 1125 2067 amoebaeus.
1222 2018 1298 2067 Ac
1355 2018 1809 2079 Wilamowitzius1)
1866 2019 2063 2082 quidem
2120 2023 2282 2084 putat,

404 2103 605 2152 omnino
645 2119 794 2152 unum
835 2107 1026 2152 tantum
1068 2119 1274 2166 puerum
1318 2109 1560 2153 cantasse.
1635 2105 1745 2153 Hoc
1781 2106 1821 2153 si
1860 2120 2032 2154 verum
2073 2097 2160 2168 cst,
2198 2106 2282 2155 ille

403 2205 532 2238 unus
573 2194 706 2238 certe
747 2192 801 2238 ut
839 2189 1057 2239 omnium
1097 2190 1313 2239 vicarius
1341 2205 1524 2239 canere
1551 2189 1850 2254 cogitandus
1877 2193 1970 2249 est;
2011 2207 2122 2239 nam
2150 2207 2279 2253 quae

403 2278 586 2324 matres
624 2278 813 2323 canunt
851 2275 969 2323 talia
1007 2279 1135 2334 sunt,
1175 2280 1231 2324 ιιι
1268 2276 1500 2324 universo
1540 2279 1732 2324 tantum
1773 2276 1927 2324 choro
1963 2277 2276 2335 conveniant,

403 2361 775 2430 nonsingulis3
813 2362 882 2409 ita
921 2376 1128 2410 omnes
1168 2377 1369 2424 quoque
1395 2377 1579 2425 pueros
1617 2376 1822 2411 necesse
1849 2365 1924 2410 est
1947 2361 2277 2424 alloquantur.

403 2447 651 2510 Loquitur
702 2448 830 2495 enim
885 2446 1066 2495 chorus
1117 2446 1179 2495 de
1230 2462 1283 2495 se
1335 2462 1426 2510 per
1475 2462 1734 2496 numerum
1787 2447 2090 2510 singularem
2143 2463 2279 2510 more

404 2533 651 2595 sollemni,
703 2536 867 2582 tamen
918 2538 974 2581 ut
1023 2532 1270 2581 interdum
1318 2533 1562 2596 pluralem
1602 2534 1873 2582 immisceat
1910 2533 2140 2590 (famulas
2178 2549 2277 2582 non

403 2623 662 2681 separatas
716 2634 897 2667 canere
948 2633 1099 2682 supra
1151 2614 1396 2677 vidimus).
1486 2619 1632 2667 Unde
1681 2622 1844 2667 autem
1898 2619 1991 2667 hoc
2044 2620 2278 2682 cognosci

402 2707 573 2768 possit,
611 2721 761 2754 unum
802 2709 994 2754 tantum
1034 2721 1240 2768 puerum
1283 2706 1537 2766 cecinisse,
1575 2720 1674 2753 non
1715 2720 1899 2768 omnes,
1938 2704 2179 2768 siquidem
2217 2721 2279 2754 ex

404 2807 610 2840 numero
667 2792 905 2854 singulari
967 2786 1162 2856 (φέρω,
1218 2786 1370 2855 φέρω
1428 2789 1575 2854 κτλ),
1633 2806 1732 2854 quo
1784 2791 1923 2839 chori
1972 2791 2279 2840 sollemniter

404 2879 627 2939 utuntur,
665 2877 784 2924 nihil
821 2876 1053 2925 concludi
1093 2877 1289 2939 potest?
1363 2877 1516 2924 Immo
1558 2891 1668 2924 cum
1709 2891 1879 2924 omnes
1920 2880 2137 2924 matres
2176 2891 2277 2924 una

404 2977 526 3010 voce
554 2965 750 3026 canant,
789 2962 1071 3011 condicioni
1100 2961 1217 3010 mihi
1246 2962 1455 3010 maxime
1495 2961 1767 3010 convenire
1807 2959 2018 3021 videtur,
2058 2975 2276 3023 pueros

405 3063 606 3110 quoque
645 3049 791 3096 simul
831 3063 1002 3097 omnes
1043 3063 1238 3097 canere.
1302 3047 1425 3108 Quis
1464 3049 1590 3096 enim
1631 3062 1730 3096 non
1760 3046 1894 3095 videt
1921 3047 2036 3095 illud
2066 3050 2274 3094 matrum

403 3128 780 3199 ,πᾷ-φέρεις,
819 3134 954 3197 quod
991 3134 1162 3183 dicunt
1189 3149 1297 3182 cum
1325 3133 1529 3181 veniant
1556 3148 1725 3182 omnes
1752 3133 1894 3196 pueri
1924 3133 2151 3180 manibus
2179 3148 2277 3180 am-

406 3220 590 3280 phoras
629 3222 872 3282 tenentes,
909 3221 1162 3282 respicere
1201 3219 1262 3267 ad
1303 3234 1566 3282 puerorum
1608 3218 1727 3266 illud
1769 3212 1923 3280 φέρω
1951 3211 2106 3281 φέρω
2132 3215 2273 3266 xvi?

405 3304 528 3352 Inde
585 3304 713 3352 effici
779 3306 895 3353 mihi
951 3306 1167 3364 videtur,
1231 3320 1418 3368 pucros
1474 3319 1646 3353 omnes
1703 3304 1943 3352 cecinisse
2001 3303 2277 3352 coniunctis

406 3389 620 3438 vocibus.
695 3389 951 3454 Similiter,
1005 3391 1137 3454 quod
1180 3390 1308 3439 infra
1346 3406 1391 3438 v.
1422 3392 1556 3440 1139
1612 3391 1819 3438 canunt:
1872 3385 2113 3449 Βεβᾶσιν
2159 3386 2275 3435 κτλ.

548 3586 583 3641 ¹)
615 3584 768 3629 Herm.
793 3583 963 3639 XVIII,
995 3598 1040 3640 p.
1063 3589 1158 3629 410.
