2548 4218
423 294 523 342 282

426 431 601 481 dentes
639 431 1002 494 repraesentati
1043 428 1216 491 sunt.¹)
1243 457 1313 464 —
1352 432 1418 480 At
1450 432 1488 481 si
1516 432 1771 495 imagines,
1810 433 1988 496 quibus
2015 434 2155 496 pueri
2185 449 2294 482 cum

427 517 614 565 trochis
654 516 771 578 picti
812 513 987 578 sunt‚2)
1026 517 1405 579 perlustramus,
1443 532 1543 565 non
1578 517 1737 565 solum
1765 533 1946 580 pueros
1972 518 2185 567 minores
2211 518 2295 566 illo

426 602 539 650 lusu
591 602 662 650 uti
714 600 956 662 videmuS‚
1014 601 1102 650 sed
1143 601 1291 651 etiam
1331 601 1548 664 ephebos
1612 602 1715 651 sive
1761 602 2121 666 adulescenteS,
2169 604 2297 652 sicut

425 687 730 750 Ganymedis
770 689 846 736 est
892 686 1144 736 sollemnis
1183 686 1453 750 appendix.
1526 686 1672 736 Adde
1710 687 1846 751 quod
1885 688 2062 738 Pollux
2101 687 2180 749 (X,
2209 685 2295 747 64)

424 772 627 822 trochos
661 775 919 822 enumerat
944 773 1072 822 inter
1108 763 1178 820 τὰ
1215 764 1578 839 προσήκοντα
1610 768 1933 837 γυμνασίοις
1966 764 2143 838 σκεύη.
2196 774 2297 822 Ita-

426 875 537 922 que,
564 859 603 908 si
632 859 918 908 coniectura
947 861 1117 908 nostra
1146 862 1355 918 constat,
1377 875 1476 908 non
1504 859 1751 921 pusiones,
1780 859 1866 908 scd
1894 859 2063 922 paullo
2085 860 2298 908 maiores

426 945 537 994 illos
564 943 772 993 Medeae
811 959 994 1008 pueros
1032 943 1372 1008 cogitabimus,
1433 943 1580 993 Adde
1619 943 1751 1007 quod
1793 945 2061 1007 Euripides
2099 945 2158 994 iis
2197 959 2297 994 ser-

429 1046 542 1079 vum
582 1030 827 1093 attribuit,
864 1029 949 1092 qui
988 1045 1073 1079 eos
1112 1045 1309 1094 semper
1348 1030 1573 1079 comitari
1612 1033 1762 1093 atque
1801 1029 2053 1079 custodire
2080 1029 2296 1085 videtur;

427 1114 657 1164 nimirum
709 1106 1065 1179 παιδαγωγὸς
1117 1118 1193 1163 est
1243 1114 1624 1179 intellegendus,
1679 1115 1813 1179 quod
1865 1119 1940 1165 est
1992 1130 2148 1179 genus
2198 1131 2296 1165 ser-

424 1216 598 1250 vorum
638 1216 832 1260 senum,
886 1200 1067 1264 quibus
1107 1200 1286 1250 Graeci
1325 1215 1509 1263 pueros
1557 1216 1666 1249 cum
1705 1202 1905 1250 omnino
1945 1200 2299 1251 custodiendos

427 1290 529 1336 tum
588 1287 636 1335 in
695 1286 956 1349 gymnasia
1015 1290 1065 1335 et
1124 1286 1325 1335 scholas
1381 1286 1638 1335 ducendos
1694 1287 1999 1336 committere
2056 1287 2300 1336 solebant.

426 1372 549 1421 Inde
577 1372 802 1435 sequitur
827 1388 927 1421 non
956 1371 1322 1434 intellegendos
1349 1387 1456 1420 esse
1482 1371 1740 1435 pusiones3
1781 1371 1981 1421 minima
2001 1372 2128 1421 enim
2149 1376 2302 1434 aetas,

428 1473 528 1521 qua
554 1457 696 1520 pueri
724 1456 1033 1520 paedagogis
1059 1457 1404 1520 tradebantur,
1425 1472 1586 1506 annus
1613 1458 1850 1520 septimus
1870 1457 2022 1506 fuisse
2043 1455 2299 1512 videtur.3)

426 1544 528 1593 Iam
570 1543 728 1592 oritur
771 1544 1014 1607 quaesti0‚
1054 1559 1167 1592 num
1210 1544 1501 1607 ceteroquin
1543 1542 1806 1607 Euripides
1843 1558 2028 1606 pueros
2066 1544 2110 1592 ei
2149 1543 2299 1592 aetati

429 1631 787 1678 convenienter
824 1644 876 1678 se
915 1634 1151 1692 gerentes
1188 1629 1403 1692 finxerit,
1444 1644 1590 1692 quam
1633 1644 1693 1677 ex
1734 1629 1810 1677 his
1849 1629 2158 1692 argumentis
2185 1643 2299 1677 con·

429 1715 680 1764 clusimus.
756 1716 930 1778 Itaque
979 1715 1191 1778 primum
1243 1714 1541 1764 monendum
1594 1718 1669 1763 est
1719 1729 1804 1763 eos
1849 1730 1948 1763 non
1995 1718 2050 1764 ut
2087 1713 2192 1763 fere
2231 1714 2300 1762 in-

430 1800 611 1865 fantes,
649 1801 849 1849 omnino
888 1801 1080 1864 stultos,
1118 1791 1290 1866 νήπια
1313 1794 1506 1863 τέκνα»
1536 1801 1703 1849 vocari
1743 1803 1894 1863 atque
1922 1798 2303 1863 repraesentari,

430 1887 517 1936 sed
559 1887 653 1936 hoc
692 1886 888 1950 dicitur,
928 1902 1012 1936 eos
1050 1902 1164 1935 non
1205 1902 1418 1935 curare
1459 1887 1631 1935 matris
1671 1886 1867 1935 dolores
1906 1882 2131 1947 (47l48):

693 2014 756 2021 ——
793 1979 1002 2053 μητρὸς
1039 1974 1207 2036 οὐδὲν
1245 1978 1608 2050 ἐννοούμενοι
1651 1983 1860 2047 κακῶν,

688 2068 785 2121 νέα
823 2064 925 2138 γὰρ
965 2067 1199 2137 φροντὶς
1238 2059 1343 2120 οὐκ
1382 2058 1571 2137 ἀλγεῖν
1610 2069 1773 2134 φιλεῖ.

432 2174 529 2225 Sed
600 2175 744 2223 etiam
815 2188 995 2223 scaena
1062 2173 1168 2232 illa,
1238 2187 1337 2236 qua
1406 2172 1575 2221 ultimo
1631 2171 1809 2222 Medea
1871 2170 2055 2219 liberos
2123 2170 2307 2218 salutat

436 2277 652 2310 amorem
693 2276 835 2309 suum
875 2263 1153 2308 maternum
1193 2260 1492 2321 opprimens,
1532 2259 1601 2306 ita
1627 2258 1879 2319 descripta
1906 2259 1993 2319 est,
2031 2259 2209 2305 utnon
2236 2255 2306 2304 ita

431 2347 672 2411 parvulos
698 2347 930 2409 pusiones
958 2361 1043 2394 eos
1069 2344 1227 2394 fuisse
1254 2345 1539 2393 necessario
1567 2346 1814 2407 putemus,
1851 2341 1912 2391 cf.
1930 2357 2010 2390 vv.
2030 2344 2167 2392 1070
2181 2352 2305 2404 sqq.:

690 2433 807 2493 δότ’
835 2432 1195 2493 ἀσπάσασθαι
1230 2439 1396 2509 μητρὶ
1437 2435 1623 2506 δεξιὰν
1657 2438 1806 2507 χέρα.

691 2520 738 2580 ὦ
777 2522 1017 2597 φιλτάτη
1052 2526 1186 2596 χείρ,
1227 2526 1502 2592 φίλτατον
1540 2524 1601 2577 δέ
1635 2543 1730 2592 μοι
1766 2520 1912 2592 κάρα
1949 2525 2070 2575 κτλ.

433 2635 490 2682 In
543 2635 647 2681 toto
701 2632 794 2681 hoc
846 2632 956 2680 loco
1008 2631 1197 2680 nullum
1236 2631 1491 2679 invenitur
1528 2629 1784 2687 indicium,
1842 2644 1904 2676 ex
1944 2642 2043 2691 quo
2082 2625 2305 2676 Medeam

433 2714 614 2782 pueros
665 2718 756 2766 sibi
808 2718 1071 2766 sustulisse
1120 2724 1380 2780 appareat;
1437 2716 1555 2778 quin
1611 2715 1742 2778 inde,
1799 2713 1934 2776 quod
1992 2727 2078 2761 eos
2130 2724 2306 2760 manus

433 2805 693 2868 porrigere
731 2803 885 2866 iubet,
938 2803 1163 2866 sequitur
1202 2817 1386 2865 pueros
1426 2802 1635 2850 maiores
1675 2800 1850 2855 fuisse;
1901 2797 2139 2860 parvulos
2177 2796 2304 2845 enim

435 2891 600 2938 statim
659 2889 958 2938 sustulisset.
1050 2888 1287 2938 Similiter
1342 2887 1423 2936 ille
1480 2888 1621 2935 locus
1677 2884 2000 2947 accipiendus
2055 2885 2152 2946 est,
2207 2896 2307 2944 qno

435 2975 575 3039 pueri
618 2990 647 3022 a
684 2974 859 3023 Medea
899 2990 925 3023 e
964 2974 1108 3023 domo
1160 2976 1419 3033 vocantur,
1476 2976 1532 3020 ut
1581 2975 1771 3035 patrem
1826 2967 2130 3019 blandiendo
2180 2982 2307 3015 com-

437 3063 671 3109 moveant
709 3059 832 3120 (894
855 3044 1006 3124 sqq.);
1066 3059 1185 3108 dicit
1235 3059 1307 3122 iis,
1356 3061 1546 3121 patrem
1594 3058 1825 3115 salutent,
1877 3054 2149 3118 appellent,
2198 3067 2308 3116 pre·

436 3146 661 3195 hendant
712 3147 814 3194 eius
866 3146 1117 3204 dextram,
1174 3160 1272 3207 quo
1323 3144 1431 3207 ipso
1481 3144 1611 3192 iusso
1659 3157 1810 3206 sapor
1847 3139 2046 3203 quidam
2085 3143 2134 3188 ct
2169 3137 2309 3186 intel-

582 3328 617 3379 1)
663 3340 702 3369 v.
745 3325 831 3369 Die
877 3324 1066 3369 antiken
1112 3320 1560 3378 Sarkophagreliefs,
1613 3320 1684 3365 ed.
1724 3319 1827 3365 Carl
1871 3318 2072 3374 Robert,
2128 3316 2222 3361 vol.
2251 3314 2308 3371 ΙΙ,

436 3396 528 3441 tab.
550 3395 889 3440 LXII—LXV.

581 3469 618 3523 2)
660 3466 716 3511 cf.
750 3467 799 3512 O.
821 3466 960 3522 Jahn,
1007 3466 1109 3511 Ber.
1153 3465 1235 3510 der
1276 3464 1430 3509 Sachs.
1471 3462 1725 3509 Gesellsch.
1757 3461 1839 3506 der
1868 3459 2152 3505 Wissensch.
2187 3462 2309 3514 1854,

439 3553 481 3595 p.
508 3543 587 3584 255
606 3552 676 3595 sq.

586 3611 623 3665 ³)
656 3607 712 3654 cf.
745 3607 865 3654 Plat.
897 3607 1020 3664 legg.
1041 3606 1143 3663 VII,
1175 3620 1221 3663 p.
1240 3608 1322 3650 794
1337 3605 1394 3651 A.
