2548 4218
2058 311 2159 358 225

292 473 390 506 non
430 454 644 516 impedit,
683 440 947 516 quominus
974 452 1263 515 Euripidem
1303 451 1397 500 hoc
1426 452 1533 500 loco
1562 451 1865 514 colloquium
1893 467 2157 514 puerorum

292 541 543 590 induxisse
607 539 880 587 credamus.
941 564 1011 570 -—
1072 539 1245 600 Itaque
1302 538 1530 585 omnibus
1584 538 1643 585 iis
1711 537 1971 600 exempliS,
2033 553 2160 599 quae

292 627 469 676 cadere
497 625 796 673 videbantur
834 625 882 672 in
923 625 1083 686 legem
1121 624 1254 671 illam
1283 622 1645 685 Nauckianam,
1684 622 1950 684 diligenter
1977 623 2159 670 exami-

292 713 441 770 natis,
491 712 599 758 aliis
650 711 773 758 alias
825 709 1142 758 condiciones
1194 710 1397 757 subesse
1444 709 1790 771 cognovimus,
1843 708 2023 770 quibus
2061 724 2158 756 non

291 797 528 859 respectis
585 811 682 844 non
741 797 905 856 potest
961 798 1098 842 certa
1153 794 1232 843 lex
1291 794 1537 842 constitui.
1624 792 1836 842 Omnino
1893 796 2055 841 autem
2109 794 2158 841 in

286 881 470 930 talibus
526 880 719 942 legibus
775 879 1057 927 dramaticis
1114 878 1410 940 statuendiS‚
1468 893 1595 940 quae
1647 880 1721 926 est
1770 877 2158 926 testimoniorum

290 966 518 1030 penuria,
574 980 765 1013 summa
822 964 1050 1035 cautione
1110 979 1236 1026 opus
1286 966 1375 1012 est.
1466 964 1568 1012 Fac
1619 978 1716 1011 non
1770 965 2019 1011 servatam
2069 978 2160 1011 nos

291 1053 471 1100 habere
522 1050 758 1113 Aeschyli
807 1051 1248 1111 Agamemnonem,
1301 1064 1466 1098 nonne
1520 1048 1667 1097 facile
1719 1049 1878 1111 legem
1931 1048 2061 1096 illam
2108 1048 2157 1096 in

288 1142 456 1186 vetere
505 1135 763 1199 tragoedia
815 1136 981 1184 valere
1033 1137 1391 1194 coniceremus,
1450 1150 1768 1198 nequaquam
1821 1133 1970 1183 licere
2021 1134 2157 1182 chori

287 1223 508 1285 singulas
562 1237 799 1285 personas
853 1221 1100 1284 separatis
1151 1236 1319 1270 earum
1373 1220 1683 1269 sermonibus
1722 1219 1972 1282 designari
2010 1222 2158 1282 atque

288 1308 535 1357 discerni?
611 1309 676 1355 At
714 1307 780 1355 ibi
819 1311 980 1369 poeta,
1019 1309 1071 1355 ut
1110 1321 1281 1354 senum
1322 1306 1592 1355 animorum
1622 1305 2046 1368 perturbationem
2076 1304 2158 1354 de-

287 1395 536 1458 pingeret,
588 1397 692 1442 arte
745 1393 832 1441 illa
879 1392 941 1440 ad
982 1408 1091 1441 eum
1131 1391 1278 1440 finem
1318 1392 1462 1440 unice
1501 1390 1874 1440 accommodata
1911 1406 2032 1439 usus
2071 1395 2159 1440 est.

286 1479 451 1540 Quid?
504 1496 611 1528 cum
667 1479 804 1541 pueri
858 1495 887 1527 a
939 1481 1095 1527 matre
1146 1478 1436 1536 caedantur,
1490 1493 1657 1526 nonne
1703 1477 1768 1525 ibi
1806 1492 2005 1540 quoque
2044 1493 2158 1526 con·

286 1565 469 1614 dicioni
520 1570 595 1613 est
645 1568 811 1627 aptum
865 1564 1137 1626 singulos
1191 1564 1440 1612 clamare?
1513 1564 1685 1612 Restat
1723 1563 1873 1625 igitur
1912 1578 1974 1612 ex
2013 1578 2157 1626 argu-

287 1651 461 1699 mentis
500 1649 806 1698 Nauckianis
847 1649 941 1698 hoc
969 1665 1133 1708 unum,
1174 1648 1347 1711 quod
1334 1663 1441 1711 1pse
1469 1663 1567 1697 non
1596 1648 1760 1711 magni
1788 1647 1922 1711 facit,
1961 1663 2158 1697 versum

284 1738 442 1798 ipsum
482 1736 635 1798 illum,
673 1750 820 1797 quem
860 1733 1135 1783 eiciendum
1176 1737 1366 1782 censet.

624 1806 731 1867 οὐκ
770 1809 875 1867 οἶδ’
915 1805 1119 1881 ἅδελφὲ
1157 1805 1378 1880 φιλτατ
1398 1830 1407 1839 ·
1448 1805 1774 1883 ὀλλύμεσθα
1814 1809 1916 1883 γάρ

285 1906 537 1970 Euripidis
581 1906 784 1969 ingenio
823 1921 922 1953 non
964 1919 1073 1953 esse
1113 1904 1334 1966 dignum.
1408 1905 1474 1952 At
1513 1905 1625 1967 quis
1663 1905 1847 1967 ubique
1889 1903 2159 1953 diiudicare

284 1992 478 2050 audeat,
517 1991 638 2054 quid
677 1995 855 2053 poetae
894 1990 1051 2053 possit
1088 1989 1251 2048 tribui,
1290 1988 1410 2052 quid
1448 1990 1585 2039 non?
1647 1989 1743 2039 Sed
1783 1990 1915 2039 haud
1955 1991 2056 2039 scio
2096 2006 2157 2039 an

286 2079 326 2127 si
378 2093 494 2126 vere
546 2077 736 2126 Graece
789 2077 1085 2138 sentiamus,
1136 2077 1295 2124 minus
1345 2075 1654 2124 offendamus
1704 2076 1752 2124 in
1803 2076 1935 2124 illius
1986 2091 2158 2125 versus

286 2163 567 2212 sobrietate.
642 2163 884 2226 Imprimis
923 2162 1050 2210 enim
1092 2162 1188 2211 hoc
1228 2161 1526 2210 monendum
1567 2164 1663 2220 est,
1703 2161 2005 2211 Graecorum
2047 2178 2156 2225 par·

285 2249 486 2297 ticulam
551 2236 654 2312 γὰρ
717 2263 815 2296 non
877 2250 1062 2296 tantam
1126 2250 1362 2309 quantam
1426 2252 1648 2296 nostram
1717 2246 1909 2306 „denn“
1972 2248 2156 2297 habere

284 2334 508 2397 logicam,
547 2337 600 2382 ut
637 2335 706 2381 ita
742 2333 918 2397 dicam,
956 2333 1067 2381 vim.
1130 2332 1362 2381 Similiter
1387 2332 1518 2381 infra
1544 2332 1687 2396 pueri
1714 2333 1930 2382 clamant
1955 2332 2158 2394 (1277):

625 2413 733 2479 ναί,
769 2407 911 2482 πρὸς
948 2415 1117 2479 θεῶν,
1158 2404 1410 2484 ἇρήξατ’·
1452 2411 1512 2465 ἐν
1551 2412 1736 2466 δέοντι
1774 2409 1891 2482 γάρ.

286 2506 407 2555 Utut
443 2508 605 2553 autem
648 2505 771 2553 haec
810 2519 863 2552 se
888 2504 1111 2567 habent,
1163 2519 1312 2552 versu
1355 2507 1488 2554 1272
1531 2505 1732 2567 omisso,
1777 2519 1928 2553 unus
1965 2507 2155 2554 tantum

285 2605 411 2654 puer
451 2590 641 2650 clamat,
680 2589 815 2652 quod
855 2589 1099 2653 obstrepit
1137 2590 1273 2638 chori
1314 2590 1481 2638 verbis
1519 2589 1595 2638 his
1634 2587 1835 2650 (1273):

624 2662 847 2732 ἀκούεις
883 2666 1023 2734 βοὰν
1062 2662 1282 2733 ἀκούεις
1318 2669 1563 2734 τέκνων,·

285 2761 524 2822 Quamvis
552 2762 679 2809 enim
704 2761 1110 2809 Wilamowitzius
1136 2761 1232 2809 hoc
1256 2760 1447 2809 admitti
1476 2775 1624 2824 posse
1653 2761 1833 2810 dixerit
1859 2760 2154 2823 (secundum

284 2848 458 2911 legem,
478 2863 626 2910 quam
648 2846 709 2895 de
733 2845 1020 2895 dirimendis
1042 2847 1277 2896 trimetris
1301 2847 1572 2906 constituit,
1594 2846 1688 2896 An.
1706 2848 1820 2896 Eur.
1840 2863 1888 2910 p.
1906 2850 2006 2898 194
2020 2841 2154 2912 sqq.)

284 2948 477 2982 versum
522 2935 678 2983 1271:

625 3011 791 3081 οἴμοι,
829 3012 884 3065 τί
923 3005 1139 3081 δράσω,·
1177 3022 1280 3065 ποῖ
1316 3009 1482 3081 φύγω
1519 3008 1727 3083 μητρὸς
1760 3011 1950 3083 χέρας,-

284 3104 413 3152 inter
463 3103 589 3152 duos
639 3118 822 3166 pueros
874 3103 1124 3165 distribui,
1174 3108 1338 3153 tamen
1385 3104 1500 3151 mihi
1540 3103 1761 3168 videtur,
1811 3105 1851 3153 si
1891 3105 2154 3168 Euripides

288 3188 528 3237 voluisset
591 3205 771 3237 revera
835 3189 1135 3251 colloquium
1198 3189 1413 3252 fingere,
1477 3190 1663 3238 clarius
1727 3189 1851 3239 duas
1913 3205 2153 3253 personas

285 3272 601 3323 distinxisset.
687 3274 981 3337 Ubicunque
1029 3277 1159 3324 enim
1213 3278 1481 3328 occurrunt
1530 3276 1738 3324 trimetri
1790 3277 1859 3324 ita
1908 3276 2154 3339 dirempti,

284 3358 544 3407 evidenter
570 3360 791 3422 signatur
830 3360 1143 3423 colloquium,
1180 3361 1247 3409 ita
1285 3365 1340 3409 ut
1377 3362 1504 3409 alter
1542 3361 1749 3410 alterum
1790 3361 2009 3426 appellet
2047 3362 2152 3411 sive

284 3449 428 3507 roget
466 3444 570 3493 sive
610 3449 819 3509 moneat,
858 3444 918 3493 cf.
946 3461 985 3494 e.
1012 3462 1059 3508 g.
1096 3446 1202 3495 Alc.
1230 3448 1333 3496 390
1360 3461 1446 3509 sq.:

354 3525 465 3578 ΑΔ.
506 3523 720 3593 βλέψον
756 3520 899 3594 πρὸς
935 3518 1156 3591 αὐτοὺς,
1197 3526 1429 3593 βλέψον.
1469 3528 1586 3580 ΑΛ.
1627 3519 1796 3580 οὐδέν
1835 3521 1936 3596 εἰμ’
1976 3524 2069 3579 ἔτι.

354 3610 466 3666 ΑΔ.
506 3609 560 3662 τί
588 3608 744 3684 δρᾷς;
768 3611 1119 3680 προλείπεις,·
1145 3613 1262 3666 ΑΛ.
1288 3613 1443 3683 χαῖρ’.
1485 3614 1596 3666 ΑΔ.
1627 3604 1934 3686 ἀπωλόμην
1961 3608 2148 3679 τάλας.
