2548 4218
2034 243 2132 288 271

264 392 496 427 scaenam
552 377 811 441 afferebat,
867 377 1080 439 etiamsi,
1137 378 1253 442 quid
1310 378 1355 428 ei
1413 378 1474 428 ad
1526 379 1761 442 templum
1815 395 1923 428 cum
1975 394 2132 442 puero

265 462 545 512 faciendum
585 461 745 522 fuerit,
785 478 885 511 non
924 462 1073 512 facile
1110 463 1426 528 perspicitur.
1500 464 1688 513 Tamen
1728 464 1867 513 locus
1907 464 2134 514 desertus

263 547 593 609 desideratur,
648 563 746 611 quo
798 547 1001 612 Septem,
1050 551 1223 597 contra
1271 549 1474 598 Thebas
1533 548 1686 598 duces
1744 548 1898 598 delati
1947 548 2133 599 fontem

262 635 519 694 quaerant.
592 633 829 681 Fortasse
878 632 1010 696 apud
1049 632 1338 696 Euripidem
1392 648 1593 697 quoque
1645 634 1898 683 oraculum
1939 649 2000 682 ex
2040 633 2132 683 deo

261 715 616 780 quaerebatur3
673 717 804 766 sicut
858 717 990 780 apud
1042 717 1251 767 Statium
1304 712 1482 782 (Theb.
1502 720 1561 782 V,
1597 720 1698 769 638
1726 711 1857 783 sqq.)
1908 718 2133 767 videmus

260 802 425 850 Iovem
474 801 715 866 Lycurgo
772 801 1032 851 adversam
1088 803 1336 852 fortunam
1394 804 1701 868 praedicere,
1756 807 1806 853 et
1859 804 2132 853 secundum

259 886 513 949 Hyginum
542 884 660 945 (fab.
687 885 914 946 LXXIV)
953 888 1235 952 Hypsipyla
1274 903 1564 951 responsum
1606 892 1887 953 acceperat,
1923 904 1986 938 ne
2012 904 2133 952 pue-

258 987 365 1020 rum
403 972 454 1020 in
492 974 626 1020 terra
666 972 955 1037 deponeret,
991 974 1279 1036 priusquam
1317 977 1486 1037 posset
1524 974 1800 1038 ambulare;
1839 990 1967 1037 quae
2005 975 2132 1024 duae

258 1057 573 1106 narrationes
610 1056 746 1106 haud
782 1057 883 1106 scio
912 1073 973 1106 an
1002 1057 1066 1106 ad
1092 1057 1221 1106 idem
1249 1057 1450 1108 fabulae
1476 1059 1756 1121 primitivae
1783 1062 2131 1122 argumentum

258 1141 555 1192 referendae
592 1143 703 1191 sint.
777 1143 912 1192 Puer
950 1144 1037 1192 ille
1075 1144 1223 1207 igitur
1262 1144 1311 1192 in
1349 1145 1554 1207 antiqua
1593 1144 1761 1193 fabula
1807 1160 1929 1194 sane
1966 1145 2131 1194 infans

257 1228 520 1292 cogitatur,
559 1229 643 1291 qui
670 1229 800 1278 ulnis
826 1224 1118 1294 teneatur.1)
1173 1229 1460 1293 Euripidem
1487 1229 1538 1278 id
1568 1245 1768 1293 quoque
1795 1231 1846 1278 in
1872 1230 2132 1293 tragoedia

256 1328 347 1362 sua
384 1313 646 1364 retinuisse
688 1330 799 1363 cum
838 1315 921 1363 vel
961 1329 1018 1364 eo
1057 1314 1312 1378 probetur,
1369 1314 1501 1377 quod
1554 1315 1754 1364 omnino
1804 1331 1914 1364 eum
1966 1317 2016 1364 in
2056 1316 2131 1364 his

254 1397 403 1448 rebus
455 1398 710 1462 antiquam
757 1399 1043 1449 memoriam
1082 1400 1222 1463 sequi
1261 1399 1488 1449 videmus
1527 1398 1610 1460 (cf.
1650 1398 1902 1464 Orestem,
1953 1401 2130 1464 Astya-

255 1487 448 1534 nactem
488 1483 766 1549 parvulos),
805 1489 906 1535 tum
946 1485 1301 1549 Aristophanis
1338 1483 1612 1549 parodiis2)
1653 1486 1881 1535 efficitur.
1955 1488 2131 1549 Itaque

255 1585 356 1618 non
393 1570 540 1619 aliam
580 1571 770 1634 primae
810 1571 940 1620 illius
974 1586 1188 1620 scaenae
1215 1570 1477 1633 imaginem
1506 1572 1667 1620 animo
1697 1571 2129 1631 conformabimus⁷

252 1658 401 1718 atque
439 1658 494 1704 ut
533 1655 777 1704 nutricem
830 1657 1093 1719 puerulum
1142 1656 1272 1705 ulnis
1309 1659 1584 1720 tenentem,
1637 1657 1941 1719 crepitaculo
1980 1655 2130 1721 (κρο-

252 1731 424 1805 τάλῳ,
465 1737 703 1804 f1·g.769>
755 1744 804 1790 et
854 1740 1152 1790 carminibus
1204 1741 1307 1789 sive
1358 1740 1704 1790 blandimentis
1743 1739 1857 1804 (frg.
1881 1739 2003 1801 756)
2043 1742 2124 1791 de-

251 1824 518 1875 lectantem
558 1826 1064 1889 cogitemus.·Atque
1102 1826 1142 1874 si
1177 1826 1320 1874 nobis
1349 1829 1577 1875 constare
1603 1826 1848 1890 volumus,
1884 1826 2123 1876 infantem

255 1910 520 1960 simulacro
557 1914 984 1974 repraesentatum
1023 1925 1132 1960 esse
1169 1911 1446 1974 putandum
1488 1915 1577 1976 est,
1617 1912 1806 1961 etiamsi
1847 1902 2125 1974 fragmento

259 1998 360 2046 756
402 1997 533 2046 actio
572 1998 678 2046 eius
714 1996 924 2045 indicari
963 1995 1183 2045 videtur:

761 2082 1011 2161 περίβαλ”
1038 2078 1085 2143 ὦ
1123 2090 1326 2143 τέκνον
1364 2084 1588 2155 ὠλένας.

249 2211 375 2259 Nam
416 2226 477 2260 ex
517 2211 697 2260 threno
737 2226 795 2260 ea
832 2210 985 2260 verba
1023 2213 1223 2274 sumpta
1261 2225 1369 2260 esse
1407 2214 1586 2274 putare
1624 2212 1798 2276 nolim,
1845 2213 1960 2275 quia
1999 2214 2124 2262 eius-

249 2295 382 2345 modi
422 2297 654 2357 lamenta,
692 2296 869 2359 quibus
909 2297 1051 2359 quasi
1091 2297 1236 2345 vivus
1264 2300 1488 2346 mortuus
1515 2296 1701 2359 aliquid
1730 2313 1884 2361 agere
1910 2298 2124 2361 iubetur,

247 2381 383 2444 apud
438 2383 654 2445 tragicos
705 2397 805 2430 non
860 2381 990 2431 novi.
1064 2383 1239 2445 Itaque
1289 2382 1412 2431 haec
1462 2384 1579 2430 sunt
1629 2383 1784 2431 verba
1829 2384 2035 2432 nutricis
2071 2383 2122 2432 in

247 2467 407 2529 prima
457 2482 639 2516 scaena
690 2482 847 2529 puero
897 2466 1223 2530 blandientis,
1274 2467 1353 2516 cui
1394 2468 1671 2516 condicioni
1712 2468 1935 2531 apprime
1975 2469 2122 2517 etiam

253 2553 444 2602 numeri
485 2548 557 2615 (ut
596 2552 795 2602 videtur
836 2539 1085 2616 glyconei)
1125 2555 1429 2603 conveniunt
1464 2553 1546 2617 (cf.
1573 2555 1775 2604 Terent.
1808 2557 1965 2605 2752:
2015 2556 2122 2617 ipse

247 2639 432 2686 etenim
460 2651 610 2687 sonus
635 2638 834 2688 indicat
873 2652 979 2688 esse
1016 2640 1110 2688 hoc
1147 2641 1340 2688 lusibus
1378 2639 1590 2701 aptum);
1629 2644 1890 2703 praeterea
1928 2642 2117 2691 Aristo-

246 2725 462 2787 phanem
503 2724 720 2773 arbitror
753 2725 1082 2789 Hypsipylam
1122 2728 1177 2774 ut
1214 2741 1367 2788 supra
1406 2717 1496 2772 διὰ
1532 2715 1599 2773 τὸ
1637 2721 2008 2790 κροταλίζειν,
2046 2728 2118 2777 sic

245 2809 324 2857 hic
374 2809 435 2858 de
483 2809 859 2874 blandimentiS,
914 2826 1043 2873 quae
1092 2826 1250 2874 puero
1302 2811 1458 2874 dicat,
1513 2811 1744 2861 irridere:
1799 2813 1848 2860 in
1890 2829 1948 2862 eo
1988 2814 2116 2862 enim

245 2894 468 2958 offendit,
521 2895 656 2958 quod
708 2896 952 2944 nutricem
994 2912 1104 2945 cum
1143 2897 1333 2946 infante
1372 2898 1513 2960 quasi
1553 2891 1613 2944 ἐκ
1651 2894 1755 2946 τοῦ
1794 2894 2117 2962 γυναικείου

244 2980 294 3028 in
345 2981 584 3042 tragicam
635 2996 863 3029 scaenam
919 2981 1137 3031 deduxit.
1215 2982 1422 3031 Accedit
1474 2983 1609 3046 quod
1661 2999 1720 3032 ea
1766 2984 1920 3034 verba
1972 2986 2115 3035 unice

245 3065 497 3128 quadrant
546 3066 597 3114 in
646 3065 910 3130 infantem,
966 3068 1051 3130 qui
1100 3067 1230 3117 ulnis
1275 3071 1497 3117 tenetur:
1547 3084 1731 3133 nempe
1769 3071 1909 3120 iubet
1947 3073 2115 3120 nutrix

246 3149 482 3199 infantem
522 3151 724 3200 brachia
763 3152 888 3201 collo
929 3167 1020 3202 suo
1059 3152 1384 3216 circumdare,
1424 3158 1477 3202 ut
1515 3155 1668 3203 artius
1706 3155 1794 3204 sibi
1823 3156 2112 3220 applicetur.

386 3329 422 3385 1)
453 3329 580 3376 Talis
622 3345 804 3389 quoque
846 3333 1119 3378 describitur
1159 3324 1282 3389 apud
1323 3333 1434 3378 Stat.
1461 3334 1605 3380 Theb.
1635 3335 1715 3392 IV,
1737 3340 1841 3381 741:
1889 3336 1944 3381 ab
1982 3337 2114 3383 ubere

243 3399 506 3457 dependam.

385 3471 420 3528 ²)
461 3472 695 3530 Aristoph.
726 3487 822 3519 ran.
858 3479 959 3519 1311
994 3488 1118 3532 sqq.‚
1173 3475 1293 3519 unde
1340 3479 1523 3532 sumpta
1568 3481 1676 3522 sunt
1720 3477 1836 3535 frgg.
1870 3482 1965 3535 752,
2015 3484 2109 3535 755,

244 3544 340 3598 756,
370 3545 466 3586 769.
