<?xml version="1.0" encoding="UTF-8"?>
<!DOCTYPE html PUBLIC "-//W3C//DTD XHTML 1.0 Transitional//EN"
    "http://www.w3.org/TR/xhtml1/DTD/xhtml1-transitional.dtd">
<html xmlns="http://www.w3.org/1999/xhtml" xml:lang="en" lang="en">
 <head>
  <title>
</title>
<meta http-equiv="Content-Type" content="text/html;charset=utf-8" />
  <meta name='ocr-system' content='tesseract 3.04.00' />
  <meta name='ocr-capabilities' content='ocr_page ocr_carea ocr_par ocr_line ocrx_word'/>
</head>
<body>
  <div class='ocr_page' id='page_1' title='image "./depueroruminresc00haymuoft_0048.png"; bbox 0 0 2548 4218; ppageno 0'>
   <div class='ocr_carea' id='block_1_1' title="bbox 452 309 553 356">
    <p class='ocr_par' dir='ltr' id='par_1_1' title="bbox 452 309 553 356">
     <span class='ocr_line' id='line_1_1' title="bbox 452 309 553 356; baseline 0 -1"><span class='ocrx_word' id='word_1_1' title='bbox 452 309 553 356; x_wconf 81' lang='lat'>256</span> 
     </span>
    </p>
   </div>
   <div class='ocr_carea' id='block_1_2' title="bbox 451 442 2324 678">
    <p class='ocr_par' dir='ltr' id='par_1_2' title="bbox 451 442 2324 678">
     <span class='ocr_line' id='line_1_2' title="bbox 451 442 2324 509; baseline 0 -15"><span class='ocrx_word' id='word_1_2' title='bbox 451 448 554 494; x_wconf 91' lang='lat' dir='ltr'>Iam</span> <span class='ocrx_word' id='word_1_3' title='bbox 594 447 827 508; x_wconf 89' lang='lat' dir='ltr'>Mayerus</span> <span class='ocrx_word' id='word_1_4' title='bbox 879 446 1118 507; x_wconf 87' lang='lat' dir='ltr'>cognovit</span> <span class='ocrx_word' id='word_1_5' title='bbox 1168 446 1306 494; x_wconf 91' lang='lat' dir='ltr'>illum</span> <span class='ocrx_word' id='word_1_6' title='bbox 1358 442 1690 507; x_wconf 79' lang='lat' dir='ltr'><strong>Sophocleum</strong></span> <span class='ocrx_word' id='word_1_7' title='bbox 1742 446 2099 509; x_wconf 83' lang='lat' dir='ltr'>Astyanactem</span> <span class='ocrx_word' id='word_1_8' title='bbox 2151 446 2324 509; x_wconf 89' lang='lat' dir='ltr'>paullo</span> 
     </span>
     <span class='ocr_line' id='line_1_3' title="bbox 452 528 2324 594; baseline 0.001 -15"><span class='ocrx_word' id='word_1_9' title='bbox 452 532 686 579; x_wconf 85' lang='lat' dir='ltr'>maiorem</span> <span class='ocrx_word' id='word_1_10' title='bbox 737 533 858 579; x_wconf 90' lang='lat' dir='ltr'>natu</span> <span class='ocrx_word' id='word_1_11' title='bbox 908 530 1077 589; x_wconf 87' lang='lat' dir='ltr'>fuisse,</span> <span class='ocrx_word' id='word_1_12' title='bbox 1131 530 1330 593; x_wconf 89' lang='lat' dir='ltr'>qualem</span> <span class='ocrx_word' id='word_1_13' title='bbox 1382 528 1486 578; x_wconf 88' lang='lat' dir='ltr'>fere</span> <span class='ocrx_word' id='word_1_14' title='bbox 1525 529 1724 592; x_wconf 90' lang='lat' dir='ltr'>Brygus</span> <span class='ocrx_word' id='word_1_15' title='bbox 1770 531 1818 578; x_wconf 91' lang='lat' dir='ltr'>in</span> <span class='ocrx_word' id='word_1_16' title='bbox 1856 531 2009 580; x_wconf 90' lang='lat' dir='ltr'>nobili</span> <span class='ocrx_word' id='word_1_17' title='bbox 2047 532 2134 580; x_wconf 92' lang='lat' dir='ltr'>illo</span> <span class='ocrx_word' id='word_1_18' title='bbox 2175 545 2324 594; x_wconf 91' lang='lat' dir='ltr'>opere</span> 
     </span>
     <span class='ocr_line' id='line_1_4' title="bbox 451 613 1287 678; baseline -0.004 -15"><span class='ocrx_word' id='word_1_19' title='bbox 451 613 653 676; x_wconf 86' lang='lat' dir='ltr'>finxit.¹)</span> <span class='ocrx_word' id='word_1_20' title='bbox 712 616 939 678; x_wconf 78' lang='lat' dir='ltr'><strong>Namque</strong></span> <span class='ocrx_word' id='word_1_21' title='bbox 977 630 1039 664; x_wconf 83' lang='lat' dir='ltr'>ex</span> <span class='ocrx_word' id='word_1_22' title='bbox 1077 614 1173 678; x_wconf 87' lang='lat' dir='ltr'>frg.</span> <span class='ocrx_word' id='word_1_23' title='bbox 1200 617 1287 664; x_wconf 85' lang='lat'>38:</span> 
     </span>
    </p>
   </div>
   <div class='ocr_carea' id='block_1_3' title="bbox 793 715 2015 794">
    <p class='ocr_par' dir='ltr' id='par_1_3' title="bbox 793 715 2015 794">
     <span class='ocr_line' id='line_1_5' title="bbox 793 715 2015 794; baseline 0.001 -20"><span class='ocrx_word' id='word_1_24' title='bbox 793 721 840 774; x_wconf 84' lang='grc' dir='ltr'>εἰ</span> <span class='ocrx_word' id='word_1_25' title='bbox 877 718 1073 791; x_wconf 81' lang='grc' dir='ltr'><em>μικρὸς</em></span> <span class='ocrx_word' id='word_1_26' title='bbox 1111 715 1194 775; x_wconf 77' lang='grc' dir='ltr'>ὢν</span> <span class='ocrx_word' id='word_1_27' title='bbox 1229 719 1302 775; x_wconf 84' lang='grc' dir='ltr'>τὰ</span> <span class='ocrx_word' id='word_1_28' title='bbox 1338 723 1530 790; x_wconf 81' lang='grc' dir='ltr'><strong><em>φαῦλα</em></strong></span> <span class='ocrx_word' id='word_1_29' title='bbox 1569 716 1794 794; x_wconf 80' lang='grc' dir='ltr'><strong><em>νικήσας</em></strong></span> <span class='ocrx_word' id='word_1_30' title='bbox 1833 718 1938 790; x_wconf 78' lang='grc' dir='ltr'>ἔχω</span> <span class='ocrx_word' id='word_1_31' title='bbox 2010 751 2015 753; x_wconf 56' lang='lat'>&gt;</span> 
     </span>
    </p>
   </div>
   <div class='ocr_carea' id='block_1_4' title="bbox 451 840 2338 3043">
    <p class='ocr_par' dir='ltr' id='par_1_4' title="bbox 451 840 2338 3043">
     <span class='ocr_line' id='line_1_6' title="bbox 453 840 2326 906; baseline -0.001 -15"><span class='ocrx_word' id='word_1_32' title='bbox 453 856 703 906; x_wconf 88' lang='lat' dir='ltr'>apparere</span> <span class='ocrx_word' id='word_1_33' title='bbox 753 840 952 890; x_wconf 87' lang='lat' dir='ltr'>videtur</span> <span class='ocrx_word' id='word_1_34' title='bbox 1002 856 1116 889; x_wconf 91' lang='lat' dir='ltr'>eum</span> <span class='ocrx_word' id='word_1_35' title='bbox 1167 841 1386 890; x_wconf 91' lang='lat' dir='ltr'>locutum</span> <span class='ocrx_word' id='word_1_36' title='bbox 1444 855 1555 889; x_wconf 89' lang='lat' dir='ltr'>esse</span> <span class='ocrx_word' id='word_1_37' title='bbox 1611 841 1673 889; x_wconf 92' lang='lat' dir='ltr'>de</span> <span class='ocrx_word' id='word_1_38' title='bbox 1727 840 1872 890; x_wconf 81' lang='lat' dir='ltr'>factis</span> <span class='ocrx_word' id='word_1_39' title='bbox 1928 841 2031 890; x_wconf 91' lang='lat' dir='ltr'>suis</span> <span class='ocrx_word' id='word_1_40' title='bbox 2087 841 2326 899; x_wconf 89' lang='lat' dir='ltr'>fortibus;</span> 
     </span>
     <span class='ocr_line' id='line_1_7' title="bbox 452 925 2327 990; baseline -0.001 -14"><span class='ocrx_word' id='word_1_41' title='bbox 452 929 622 990; x_wconf 89' lang='lat' dir='ltr'>itaque</span> <span class='ocrx_word' id='word_1_42' title='bbox 678 942 888 990; x_wconf 90' lang='lat' dir='ltr'>puerum</span> <span class='ocrx_word' id='word_1_43' title='bbox 947 926 1115 985; x_wconf 90' lang='lat' dir='ltr'>talem,</span> <span class='ocrx_word' id='word_1_44' title='bbox 1185 926 1380 989; x_wconf 89' lang='lat' dir='ltr'>qualem</span> <span class='ocrx_word' id='word_1_45' title='bbox 1439 927 1713 988; x_wconf 78' lang='lat' dir='ltr'>cogitamus</span> <span class='ocrx_word' id='word_1_46' title='bbox 1768 925 2090 989; x_wconf 81' lang='lat' dir='ltr'>Euripideum</span> <span class='ocrx_word' id='word_1_47' title='bbox 2148 927 2327 990; x_wconf 88' lang='lat' dir='ltr'>Astya-</span> 
     </span>
     <span class='ocr_line' id='line_1_8' title="bbox 451 1010 2329 1075; baseline -0.001 -14"><span class='ocrx_word' id='word_1_48' title='bbox 451 1017 672 1074; x_wconf 91' lang='lat' dir='ltr'>nactem,</span> <span class='ocrx_word' id='word_1_49' title='bbox 724 1012 924 1061; x_wconf 91' lang='lat' dir='ltr'>omnino</span> <span class='ocrx_word' id='word_1_50' title='bbox 963 1011 1098 1060; x_wconf 89' lang='lat' dir='ltr'>illum</span> <span class='ocrx_word' id='word_1_51' title='bbox 1138 1027 1240 1060; x_wconf 89' lang='lat' dir='ltr'>non</span> <span class='ocrx_word' id='word_1_52' title='bbox 1279 1011 1683 1060; x_wconf 56' lang='lat' dir='ltr'>existimabimus</span> <span class='ocrx_word' id='word_1_53' title='bbox 1756 1012 1910 1060; x_wconf 91' lang='lat' dir='ltr'>Immo</span> <span class='ocrx_word' id='word_1_54' title='bbox 1954 1010 2228 1075; x_wconf 84' lang='lat' dir='ltr'>Sophocles</span> <span class='ocrx_word' id='word_1_55' title='bbox 2266 1011 2329 1060; x_wconf 88' lang='lat' dir='ltr'>de</span> 
     </span>
     <span class='ocr_line' id='line_1_9' title="bbox 451 1096 2330 1162; baseline -0.001 -15"><span class='ocrx_word' id='word_1_56' title='bbox 451 1099 657 1161; x_wconf 91' lang='lat' dir='ltr'>antiqua</span> <span class='ocrx_word' id='word_1_57' title='bbox 695 1098 838 1162; x_wconf 91' lang='lat' dir='ltr'>epica</span> <span class='ocrx_word' id='word_1_58' title='bbox 876 1098 1125 1156; x_wconf 88' lang='lat' dir='ltr'>memoria,</span> <span class='ocrx_word' id='word_1_59' title='bbox 1165 1096 1435 1146; x_wconf 90' lang='lat' dir='ltr'>secundum</span> <span class='ocrx_word' id='word_1_60' title='bbox 1477 1112 1624 1160; x_wconf 89' lang='lat' dir='ltr'>quam</span> <span class='ocrx_word' id='word_1_61' title='bbox 1665 1097 1927 1160; x_wconf 81' lang='lat' dir='ltr'><strong>Astyanax</strong></span> <span class='ocrx_word' id='word_1_62' title='bbox 1967 1096 2132 1145; x_wconf 89' lang='lat' dir='ltr'>infans</span> <span class='ocrx_word' id='word_1_63' title='bbox 2170 1096 2330 1160; x_wconf 83' lang='lat' dir='ltr'>fuit2),</span> 
     </span>
     <span class='ocr_line' id='line_1_10' title="bbox 452 1181 2329 1246; baseline -0.001 -13"><span class='ocrx_word' id='word_1_64' title='bbox 452 1184 721 1233; x_wconf 80' lang='lat' dir='ltr'>recessisse</span> <span class='ocrx_word' id='word_1_65' title='bbox 761 1183 973 1243; x_wconf 89' lang='lat' dir='ltr'>videtur,</span> <span class='ocrx_word' id='word_1_66' title='bbox 1031 1199 1142 1232; x_wconf 93' lang='lat' dir='ltr'>cum</span> <span class='ocrx_word' id='word_1_67' title='bbox 1181 1198 1390 1245; x_wconf 91' lang='lat' dir='ltr'>puerum</span> <span class='ocrx_word' id='word_1_68' title='bbox 1432 1183 1581 1232; x_wconf 87' lang='lat' dir='ltr'>talem</span> <span class='ocrx_word' id='word_1_69' title='bbox 1621 1181 1904 1246; x_wconf 83' lang='lat' dir='ltr'>induceret3</span> <span class='ocrx_word' id='word_1_70' title='bbox 1961 1183 2090 1232; x_wconf 89' lang='lat' dir='ltr'>sicut</span> <span class='ocrx_word' id='word_1_71' title='bbox 2127 1183 2329 1232; x_wconf 89' lang='lat' dir='ltr'>omnino</span> 
     </span>
     <span class='ocr_line' id='line_1_11' title="bbox 451 1267 2330 1333; baseline 0 -15"><span class='ocrx_word' id='word_1_72' title='bbox 451 1269 677 1318; x_wconf 89' lang='lat' dir='ltr'>videmus</span> <span class='ocrx_word' id='word_1_73' title='bbox 717 1285 825 1318; x_wconf 90' lang='lat' dir='ltr'>eum</span> <span class='ocrx_word' id='word_1_74' title='bbox 864 1283 958 1332; x_wconf 90' lang='lat' dir='ltr'>pro</span> <span class='ocrx_word' id='word_1_75' title='bbox 998 1270 1168 1333; x_wconf 91' lang='lat' dir='ltr'>pueris</span> <span class='ocrx_word' id='word_1_76' title='bbox 1207 1267 1405 1330; x_wconf 90' lang='lat' dir='ltr'>saepius</span> <span class='ocrx_word' id='word_1_77' title='bbox 1443 1267 1844 1317; x_wconf 90' lang='lat' dir='ltr'>adulescentulos</span> <span class='ocrx_word' id='word_1_78' title='bbox 1871 1269 2187 1318; x_wconf 83' lang='lat' dir='ltr'>substituere.</span> <span class='ocrx_word' id='word_1_79' title='bbox 2238 1269 2330 1318; x_wconf 87' lang='lat' dir='ltr'>Re-</span> 
     </span>
     <span class='ocr_line' id='line_1_12' title="bbox 451 1352 2327 1417; baseline -0.001 -15"><span class='ocrx_word' id='word_1_80' title='bbox 451 1370 571 1403; x_wconf 83' lang='lat' dir='ltr'>vera</span> <span class='ocrx_word' id='word_1_81' title='bbox 624 1354 779 1417; x_wconf 91' lang='lat' dir='ltr'>igitur</span> <span class='ocrx_word' id='word_1_82' title='bbox 835 1353 1005 1415; x_wconf 92' lang='lat' dir='ltr'>pueri</span> <span class='ocrx_word' id='word_1_83' title='bbox 1061 1353 1109 1401; x_wconf 91' lang='lat' dir='ltr'>in</span> <span class='ocrx_word' id='word_1_84' title='bbox 1164 1353 1258 1400; x_wconf 89' lang='lat' dir='ltr'>hac</span> <span class='ocrx_word' id='word_1_85' title='bbox 1308 1352 1481 1401; x_wconf 90' lang='lat' dir='ltr'>fabula</span> <span class='ocrx_word' id='word_1_86' title='bbox 1532 1352 1738 1401; x_wconf 88' lang='lat' dir='ltr'>fuerunt</span> <span class='ocrx_word' id='word_1_87' title='bbox 1788 1356 1957 1416; x_wconf 90' lang='lat' dir='ltr'>partes</span> <span class='ocrx_word' id='word_1_88' title='bbox 2003 1352 2186 1416; x_wconf 90' lang='lat' dir='ltr'>nullae,</span> <span class='ocrx_word' id='word_1_89' title='bbox 2242 1352 2327 1401; x_wconf 90' lang='lat' dir='ltr'>sed</span> 
     </span>
     <span class='ocr_line' id='line_1_13' title="bbox 453 1437 2331 1503; baseline -0.001 -15"><span class='ocrx_word' id='word_1_90' title='bbox 453 1442 718 1503; x_wconf 80' lang='lat' dir='ltr'>susceptae</span> <span class='ocrx_word' id='word_1_91' title='bbox 757 1442 876 1488; x_wconf 92' lang='lat' dir='ltr'>sunt</span> <span class='ocrx_word' id='word_1_92' title='bbox 913 1438 1082 1501; x_wconf 88' lang='lat' dir='ltr'>potius</span> <span class='ocrx_word' id='word_1_93' title='bbox 1109 1438 1432 1501; x_wconf 74' lang='lat' dir='ltr'>Astyanactis</span> <span class='ocrx_word' id='word_1_94' title='bbox 1470 1441 1640 1500; x_wconf 89' lang='lat' dir='ltr'>partes</span> <span class='ocrx_word' id='word_1_95' title='bbox 1680 1438 1741 1487; x_wconf 91' lang='lat' dir='ltr'>ab</span> <span class='ocrx_word' id='word_1_96' title='bbox 1781 1453 1882 1486; x_wconf 92' lang='lat' dir='ltr'>uno</span> <span class='ocrx_word' id='word_1_97' title='bbox 1922 1453 1983 1487; x_wconf 88' lang='lat' dir='ltr'>ex</span> <span class='ocrx_word' id='word_1_98' title='bbox 2022 1437 2180 1486; x_wconf 88' lang='lat' dir='ltr'>tribus</span> <span class='ocrx_word' id='word_1_99' title='bbox 2213 1437 2331 1500; x_wconf 90' lang='lat' dir='ltr'>legi-</span> 
     </span>
     <span class='ocr_line' id='line_1_14' title="bbox 452 1521 2332 1586; baseline -0.002 -14"><span class='ocrx_word' id='word_1_100' title='bbox 452 1524 582 1573; x_wconf 87' lang='lat' dir='ltr'>timis</span> <span class='ocrx_word' id='word_1_101' title='bbox 652 1523 1002 1586; x_wconf 82' lang='lat' dir='ltr'>histrionibus,</span> <span class='ocrx_word' id='word_1_102' title='bbox 1077 1523 1207 1571; x_wconf 91' lang='lat' dir='ltr'>sicut</span> <span class='ocrx_word' id='word_1_103' title='bbox 1266 1524 1583 1571; x_wconf 90' lang='lat' dir='ltr'>Menoeceum</span> <span class='ocrx_word' id='word_1_104' title='bbox 1642 1522 1692 1571; x_wconf 92' lang='lat' dir='ltr'>in</span> <span class='ocrx_word' id='word_1_105' title='bbox 1757 1522 1874 1570; x_wconf 88' lang='lat' dir='ltr'>Eur.</span> <span class='ocrx_word' id='word_1_106' title='bbox 1926 1521 2213 1571; x_wconf 84' lang='lat' dir='ltr'>Phoenissis</span> <span class='ocrx_word' id='word_1_107' title='bbox 2283 1525 2332 1570; x_wconf 89' lang='lat' dir='ltr'>et</span> 
     </span>
     <span class='ocr_line' id='line_1_15' title="bbox 452 1607 2331 1672; baseline -0.001 -14"><span class='ocrx_word' id='word_1_108' title='bbox 452 1610 655 1672; x_wconf 90' lang='lat' dir='ltr'>Hyllum</span> <span class='ocrx_word' id='word_1_109' title='bbox 717 1610 765 1658; x_wconf 91' lang='lat' dir='ltr'>in</span> <span class='ocrx_word' id='word_1_110' title='bbox 822 1607 974 1672; x_wconf 86' lang='lat' dir='ltr'>Soph.</span> <span class='ocrx_word' id='word_1_111' title='bbox 1007 1607 1291 1657; x_wconf 78' lang='lat' dir='ltr'>Trachiniis</span> <span class='ocrx_word' id='word_1_112' title='bbox 1351 1608 1413 1657; x_wconf 86' lang='lat' dir='ltr'>ab</span> <span class='ocrx_word' id='word_1_113' title='bbox 1471 1607 1792 1657; x_wconf 86' lang='lat' dir='ltr'>histrionibus</span> <span class='ocrx_word' id='word_1_114' title='bbox 1842 1608 2210 1671; x_wconf 85' lang='lat' dir='ltr'>repraesentari</span> <span class='ocrx_word' id='word_1_115' title='bbox 2263 1608 2331 1656; x_wconf 86' lang='lat' dir='ltr'>vi-</span> 
     </span>
     <span class='ocr_line' id='line_1_16' title="bbox 452 1692 2332 1758; baseline -0.001 -14"><span class='ocrx_word' id='word_1_116' title='bbox 452 1696 638 1744; x_wconf 86' lang='lat' dir='ltr'>demus.</span> <span class='ocrx_word' id='word_1_117' title='bbox 715 1695 1038 1758; x_wconf 88' lang='lat' dir='ltr'>Menoeceus,</span> <span class='ocrx_word' id='word_1_118' title='bbox 1085 1710 1193 1743; x_wconf 92' lang='lat' dir='ltr'>cum</span> <span class='ocrx_word' id='word_1_119' title='bbox 1240 1709 1339 1743; x_wconf 91' lang='lat' dir='ltr'>non</span> <span class='ocrx_word' id='word_1_120' title='bbox 1385 1709 1584 1758; x_wconf 85' lang='lat' dir='ltr'>pugnae</span> <span class='ocrx_word' id='word_1_121' title='bbox 1623 1695 1876 1757; x_wconf 82' lang='lat' dir='ltr'>particeps</span> <span class='ocrx_word' id='word_1_122' title='bbox 1927 1693 2011 1752; x_wconf 85' lang='lat' dir='ltr'>sit,</span> <span class='ocrx_word' id='word_1_123' title='bbox 2063 1697 2196 1742; x_wconf 87' lang='lat' dir='ltr'>certe</span> <span class='ocrx_word' id='word_1_124' title='bbox 2242 1692 2332 1741; x_wconf 88' lang='lat' dir='ltr'>im-</span> 
     </span>
     <span class='ocr_line' id='line_1_17' title="bbox 453 1778 2333 1845; baseline -0.001 -15"><span class='ocrx_word' id='word_1_125' title='bbox 453 1781 612 1845; x_wconf 90' lang='lat' dir='ltr'>pubes</span> <span class='ocrx_word' id='word_1_126' title='bbox 667 1781 930 1844; x_wconf 89' lang='lat' dir='ltr'>cogitatur,</span> <span class='ocrx_word' id='word_1_127' title='bbox 983 1795 1198 1843; x_wconf 91' lang='lat' dir='ltr'>quocum</span> <span class='ocrx_word' id='word_1_128' title='bbox 1255 1780 1474 1828; x_wconf 90' lang='lat' dir='ltr'>concinit</span> <span class='ocrx_word' id='word_1_129' title='bbox 1524 1780 1669 1828; x_wconf 91' lang='lat' dir='ltr'>etiam</span> <span class='ocrx_word' id='word_1_130' title='bbox 1718 1778 1860 1840; x_wconf 91' lang='lat' dir='ltr'>ratio,</span> <span class='ocrx_word' id='word_1_131' title='bbox 1914 1794 2014 1842; x_wconf 89' lang='lat' dir='ltr'>qua</span> <span class='ocrx_word' id='word_1_132' title='bbox 2051 1779 2111 1827; x_wconf 89' lang='lat' dir='ltr'>de</span> <span class='ocrx_word' id='word_1_133' title='bbox 2155 1794 2214 1827; x_wconf 89' lang='lat' dir='ltr'>co</span> <span class='ocrx_word' id='word_1_134' title='bbox 2260 1779 2333 1828; x_wconf 94' lang='lat' dir='ltr'>lo-</span> 
     </span>
     <span class='ocr_line' id='line_1_18' title="bbox 453 1849 2333 1930; baseline -0.001 -15"><span class='ocrx_word' id='word_1_135' title='bbox 453 1869 693 1930; x_wconf 90' lang='lat' dir='ltr'>quuntur,</span> <span class='ocrx_word' id='word_1_136' title='bbox 747 1865 807 1914; x_wconf 86' lang='lat' dir='ltr'>cf.</span> <span class='ocrx_word' id='word_1_137' title='bbox 842 1881 887 1914; x_wconf 76' lang='lat' dir='ltr'>v·</span> <span class='ocrx_word' id='word_1_138' title='bbox 917 1868 1041 1915; x_wconf 82' lang='lat'>947:</span> <span class='ocrx_word' id='word_1_139' title='bbox 1099 1849 1268 1923; x_wconf 79' lang='grc' dir='ltr'><em>οὗτος</em></span> <span class='ocrx_word' id='word_1_140' title='bbox 1320 1859 1380 1913; x_wconf 79' lang='grc' dir='ltr'>δὲ</span> <span class='ocrx_word' id='word_1_141' title='bbox 1430 1861 1641 1922; x_wconf 76' lang='grc' dir='ltr'><strong><em>πῶλος.</em></strong></span> <span class='ocrx_word' id='word_1_142' title='bbox 1730 1864 1911 1927; x_wconf 89' lang='lat' dir='ltr'>Hyllus</span> <span class='ocrx_word' id='word_1_143' title='bbox 1963 1867 2128 1913; x_wconf 90' lang='lat' dir='ltr'>autem</span> <span class='ocrx_word' id='word_1_144' title='bbox 2180 1864 2333 1926; x_wconf 89' lang='lat' dir='ltr'>vulgo</span> 
     </span>
     <span class='ocr_line' id='line_1_19' title="bbox 453 1942 2334 2014; baseline -0.002 -13"><span class='ocrx_word' id='word_1_145' title='bbox 453 1967 575 2001; x_wconf 89' lang='lat' dir='ltr'>sane</span> <span class='ocrx_word' id='word_1_146' title='bbox 623 1966 750 2014; x_wconf 88' lang='lat' dir='ltr'>puer</span> <span class='ocrx_word' id='word_1_147' title='bbox 799 1951 1068 2014; x_wconf 89' lang='lat' dir='ltr'>cogitatur;</span> <span class='ocrx_word' id='word_1_148' title='bbox 1122 1950 1183 1999; x_wconf 90' lang='lat' dir='ltr'>cf.</span> <span class='ocrx_word' id='word_1_149' title='bbox 1222 1951 1430 2014; x_wconf 90' lang='lat' dir='ltr'>hypoth.</span> <span class='ocrx_word' id='word_1_150' title='bbox 1477 1951 1539 1999; x_wconf 91' lang='lat' dir='ltr'>ad</span> <span class='ocrx_word' id='word_1_151' title='bbox 1578 1950 1780 1999; x_wconf 88' lang='lat' dir='ltr'>Trach.:</span> <span class='ocrx_word' id='word_1_152' title='bbox 1823 1942 2087 2014; x_wconf 78' lang='grc' dir='ltr'><em>Ἡρακλῆς</em></span> <span class='ocrx_word' id='word_1_153' title='bbox 2138 1942 2197 1997; x_wconf 78' lang='grc' dir='ltr'>δὲ</span> <span class='ocrx_word' id='word_1_154' title='bbox 2249 1942 2334 1997; x_wconf 80' lang='grc' dir='ltr'>ἐν·</span> 
     </span>
     <span class='ocr_line' id='line_1_20' title="bbox 454 2022 2333 2102; baseline -0.001 -18"><span class='ocrx_word' id='word_1_155' title='bbox 454 2028 780 2100; x_wconf 83' lang='grc' dir='ltr'><em>τειλάμενος</em></span> <span class='ocrx_word' id='word_1_156' title='bbox 824 2022 1025 2100; x_wconf 51' lang='grc' dir='ltr'><strong><em>Ἵῖλλῳ,</em></strong></span> <span class='ocrx_word' id='word_1_157' title='bbox 1085 2073 1143 2083; x_wconf 94' lang='grc'>..</span> <span class='ocrx_word' id='word_1_158' title='bbox 1187 2073 1222 2094; x_wconf 83' lang='grc'>.,</span> <span class='ocrx_word' id='word_1_159' title='bbox 1280 2026 1384 2100; x_wconf 85' lang='grc' dir='ltr'>τὴν</span> <span class='ocrx_word' id='word_1_160' title='bbox 1440 2025 1610 2099; x_wconf 79' lang='grc' dir='ltr'><em>Ἰόλην</em></span> <span class='ocrx_word' id='word_1_161' title='bbox 1667 2023 2096 2099; x_wconf 77' lang='grc' dir='ltr'><em>ἀνδρωθέντα</em></span> <span class='ocrx_word' id='word_1_162' title='bbox 2151 2031 2333 2102; x_wconf 83' lang='grc' dir='ltr'><strong><em>γῆμαι.</em></strong></span> 
     </span>
     <span class='ocr_line' id='line_1_21' title="bbox 453 2117 2334 2184; baseline -0.001 -14"><span class='ocrx_word' id='word_1_163' title='bbox 453 2124 565 2171; x_wconf 87' lang='lat' dir='ltr'>Non</span> <span class='ocrx_word' id='word_1_164' title='bbox 608 2136 752 2170; x_wconf 90' lang='lat' dir='ltr'>secus</span> <span class='ocrx_word' id='word_1_165' title='bbox 792 2121 1015 2183; x_wconf 90' lang='lat' dir='ltr'>loquitur</span> <span class='ocrx_word' id='word_1_166' title='bbox 1054 2118 1263 2169; x_wconf 87' lang='lat' dir='ltr'>Ovidius</span> <span class='ocrx_word' id='word_1_167' title='bbox 1302 2120 1460 2184; x_wconf 85' lang='lat' dir='ltr'>Epist.</span> <span class='ocrx_word' id='word_1_168' title='bbox 1487 2120 1568 2178; x_wconf 90' lang='lat' dir='ltr'>IX,</span> <span class='ocrx_word' id='word_1_169' title='bbox 1596 2123 1685 2169; x_wconf 87' lang='lat'>44:</span> <span class='ocrx_word' id='word_1_170' title='bbox 1713 2132 1853 2181; x_wconf 75' lang='lat' dir='ltr'>puer</span> <span class='ocrx_word' id='word_1_171' title='bbox 1888 2117 2088 2181; x_wconf 79' lang='lat' dir='ltr'>Hyllus.</span> <span class='ocrx_word' id='word_1_172' title='bbox 2145 2120 2334 2168; x_wconf 82' lang='lat' dir='ltr'>Tamen</span> 
     </span>
     <span class='ocr_line' id='line_1_22' title="bbox 454 2204 2334 2270; baseline -0.002 -13"><span class='ocrx_word' id='word_1_173' title='bbox 454 2211 503 2258; x_wconf 91' lang='lat' dir='ltr'>in</span> <span class='ocrx_word' id='word_1_174' title='bbox 559 2206 818 2269; x_wconf 82' lang='lat' dir='ltr'>tragoedia</span> <span class='ocrx_word' id='word_1_175' title='bbox 874 2209 949 2255; x_wconf 91' lang='lat' dir='ltr'>est</span> <span class='ocrx_word' id='word_1_176' title='bbox 1006 2205 1327 2270; x_wconf 77' lang='lat' dir='ltr'>adulescenS,</span> <span class='ocrx_word' id='word_1_177' title='bbox 1398 2205 1638 2269; x_wconf 89' lang='lat' dir='ltr'>siquidem</span> <span class='ocrx_word' id='word_1_178' title='bbox 1698 2205 1758 2253; x_wconf 87' lang='lat' dir='ltr'>ab</span> <span class='ocrx_word' id='word_1_179' title='bbox 1815 2204 2057 2253; x_wconf 84' lang='lat' dir='ltr'>histrione</span> <span class='ocrx_word' id='word_1_180' title='bbox 2113 2204 2334 2267; x_wconf 88' lang='lat' dir='ltr'>legitimo</span> 
     </span>
     <span class='ocr_line' id='line_1_23' title="bbox 455 2276 2335 2357; baseline 0 -17"><span class='ocrx_word' id='word_1_181' title='bbox 455 2295 862 2356; x_wconf 89' lang='lat' dir='ltr'>repraesentatur</span> <span class='ocrx_word' id='word_1_182' title='bbox 913 2290 996 2351; x_wconf 89' lang='lat' dir='ltr'>(cf.</span> <span class='ocrx_word' id='word_1_183' title='bbox 1042 2292 1189 2341; x_wconf 90' lang='lat' dir='ltr'>etiam</span> <span class='ocrx_word' id='word_1_184' title='bbox 1235 2307 1281 2339; x_wconf 89' lang='lat' dir='ltr'>v.</span> <span class='ocrx_word' id='word_1_185' title='bbox 1321 2293 1409 2342; x_wconf 86' lang='lat'>60:</span> <span class='ocrx_word' id='word_1_186' title='bbox 1471 2282 1708 2355; x_wconf 79' lang='grc' dir='ltr'><em>πάρεστι</em></span> <span class='ocrx_word' id='word_1_187' title='bbox 1755 2286 1999 2357; x_wconf 75' lang='grc' dir='ltr'><em>χρῆσθαι</em></span> <span class='ocrx_word' id='word_1_188' title='bbox 2060 2276 2335 2354; x_wconf 78' lang='grc' dir='ltr'>τάνδρί).</span> 
     </span>
     <span class='ocr_line' id='line_1_24' title="bbox 457 2367 2337 2440; baseline -0.001 -13"><span class='ocrx_word' id='word_1_189' title='bbox 457 2378 604 2438; x_wconf 79' lang='lat' dir='ltr'>Quod</span> <span class='ocrx_word' id='word_1_190' title='bbox 646 2379 911 2440; x_wconf 76' lang='lat' dir='ltr'>Astyanax</span> <span class='ocrx_word' id='word_1_191' title='bbox 949 2377 1082 2440; x_wconf 90' lang='lat' dir='ltr'>apud</span> <span class='ocrx_word' id='word_1_192' title='bbox 1122 2377 1417 2440; x_wconf 87' lang='lat' dir='ltr'>Sophoclem</span> <span class='ocrx_word' id='word_1_193' title='bbox 1457 2392 1510 2426; x_wconf 90' lang='lat' dir='ltr'>se</span> <span class='ocrx_word' id='word_1_194' title='bbox 1548 2376 1709 2440; x_wconf 90' lang='lat' dir='ltr'>ipsum</span> <span class='ocrx_word' id='word_1_195' title='bbox 1735 2367 1938 2440; x_wconf 79' lang='grc' dir='ltr'><em>μικρὸν</em></span> <span class='ocrx_word' id='word_1_196' title='bbox 1965 2379 2126 2440; x_wconf 89' lang='lat' dir='ltr'>vocat,</span> <span class='ocrx_word' id='word_1_197' title='bbox 2164 2377 2213 2424; x_wconf 88' lang='lat' dir='ltr'>in</span> <span class='ocrx_word' id='word_1_198' title='bbox 2242 2375 2337 2425; x_wconf 94' lang='lat' dir='ltr'>hoc</span> 
     </span>
     <span class='ocr_line' id='line_1_25' title="bbox 459 2458 2338 2524; baseline -0.002 -11"><span class='ocrx_word' id='word_1_199' title='bbox 459 2481 557 2513; x_wconf 91' lang='lat' dir='ltr'>non</span> <span class='ocrx_word' id='word_1_200' title='bbox 599 2463 954 2512; x_wconf 85' lang='lat' dir='ltr'>offendendum</span> <span class='ocrx_word' id='word_1_201' title='bbox 995 2468 1092 2512; x_wconf 89' lang='lat' dir='ltr'>est:</span> <span class='ocrx_word' id='word_1_202' title='bbox 1131 2463 1304 2512; x_wconf 87' lang='lat' dir='ltr'>eodem</span> <span class='ocrx_word' id='word_1_203' title='bbox 1344 2463 1452 2511; x_wconf 92' lang='lat' dir='ltr'>iure</span> <span class='ocrx_word' id='word_1_204' title='bbox 1479 2463 1780 2511; x_wconf 91' lang='lat' dir='ltr'>Menoeceus</span> <span class='ocrx_word' id='word_1_205' title='bbox 1806 2461 2108 2524; x_wconf 88' lang='lat' dir='ltr'>Euripideus</span> <span class='ocrx_word' id='word_1_206' title='bbox 2146 2458 2338 2520; x_wconf 79' lang='grc' dir='ltr'><em>πῶλος</em></span> 
     </span>
     <span class='ocr_line' id='line_1_26' title="bbox 457 2547 2336 2610; baseline -0.001 -12"><span class='ocrx_word' id='word_1_207' title='bbox 457 2551 653 2599; x_wconf 89' lang='lat' dir='ltr'>dicitur.</span> <span class='ocrx_word' id='word_1_208' title='bbox 710 2549 879 2598; x_wconf 87' lang='lat' dir='ltr'>Facile</span> <span class='ocrx_word' id='word_1_209' title='bbox 918 2552 1083 2597; x_wconf 90' lang='lat' dir='ltr'>autem</span> <span class='ocrx_word' id='word_1_210' title='bbox 1125 2548 1332 2610; x_wconf 89' lang='lat' dir='ltr'>cogitari</span> <span class='ocrx_word' id='word_1_211' title='bbox 1373 2551 1537 2610; x_wconf 88' lang='lat' dir='ltr'>potest</span> <span class='ocrx_word' id='word_1_212' title='bbox 1575 2563 1660 2596; x_wconf 91' lang='lat' dir='ltr'>eos</span> <span class='ocrx_word' id='word_1_213' title='bbox 1701 2547 1982 2610; x_wconf 85' lang='lat' dir='ltr'>histriones,</span> <span class='ocrx_word' id='word_1_214' title='bbox 2027 2549 2111 2610; x_wconf 87' lang='lat' dir='ltr'>qui</span> <span class='ocrx_word' id='word_1_215' title='bbox 2147 2548 2336 2596; x_wconf 91' lang='lat' dir='ltr'>minore</span> 
     </span>
     <span class='ocr_line' id='line_1_27' title="bbox 459 2629 2338 2698; baseline -0.002 -14"><span class='ocrx_word' id='word_1_216' title='bbox 459 2640 655 2684; x_wconf 89' lang='lat' dir='ltr'>statura</span> <span class='ocrx_word' id='word_1_217' title='bbox 694 2639 852 2698; x_wconf 89' lang='lat' dir='ltr'>erant,</span> <span class='ocrx_word' id='word_1_218' title='bbox 889 2635 1016 2683; x_wconf 89' lang='lat' dir='ltr'>tales</span> <span class='ocrx_word' id='word_1_219' title='bbox 1056 2632 1132 2693; x_wconf 88' lang='lat' dir='ltr'>(ut</span> <span class='ocrx_word' id='word_1_220' title='bbox 1159 2634 1303 2683; x_wconf 85' lang='lat' dir='ltr'>etiam</span> <span class='ocrx_word' id='word_1_221' title='bbox 1334 2629 1650 2693; x_wconf 84' lang='lat' dir='ltr'>feminarum)</span> <span class='ocrx_word' id='word_1_222' title='bbox 1690 2636 1860 2696; x_wconf 90' lang='lat' dir='ltr'>partes</span> <span class='ocrx_word' id='word_1_223' title='bbox 1899 2634 2201 2696; x_wconf 83' lang='lat' dir='ltr'>suscepisse3</span> <span class='ocrx_word' id='word_1_224' title='bbox 2241 2632 2338 2681; x_wconf 88' lang='lat' dir='ltr'>for·</span> 
     </span>
     <span class='ocr_line' id='line_1_28' title="bbox 458 2719 2338 2783; baseline -0.002 -13"><span class='ocrx_word' id='word_1_225' title='bbox 458 2728 590 2770; x_wconf 87' lang='lat' dir='ltr'>tasse</span> <span class='ocrx_word' id='word_1_226' title='bbox 637 2722 782 2770; x_wconf 87' lang='lat' dir='ltr'>etiam</span> <span class='ocrx_word' id='word_1_227' title='bbox 834 2724 1042 2769; x_wconf 86' lang='lat' dir='ltr'>externo</span> <span class='ocrx_word' id='word_1_228' title='bbox 1095 2724 1342 2783; x_wconf 86' lang='lat' dir='ltr'>apparatu</span> <span class='ocrx_word' id='word_1_229' title='bbox 1381 2720 1701 2777; x_wconf 90' lang='lat' dir='ltr'>(calceorum)</span> <span class='ocrx_word' id='word_1_230' title='bbox 1755 2719 1918 2783; x_wconf 87' lang='lat' dir='ltr'>figura</span> <span class='ocrx_word' id='word_1_231' title='bbox 1956 2719 2338 2768; x_wconf 90' lang='lat' dir='ltr'>diminuebatur.</span> 
     </span>
     <span class='ocr_line' id='line_1_29' title="bbox 459 2805 2335 2871; baseline -0.002 -15"><span class='ocrx_word' id='word_1_232' title='bbox 459 2809 613 2856; x_wconf 90' lang='lat' dir='ltr'>Plura</span> <span class='ocrx_word' id='word_1_233' title='bbox 641 2808 702 2856; x_wconf 93' lang='lat' dir='ltr'>de</span> <span class='ocrx_word' id='word_1_234' title='bbox 732 2810 827 2857; x_wconf 89' lang='lat' dir='ltr'>hoc</span> <span class='ocrx_word' id='word_1_235' title='bbox 855 2823 1055 2871; x_wconf 88' lang='lat' dir='ltr'>pueros,</span> <span class='ocrx_word' id='word_1_236' title='bbox 1095 2808 1179 2870; x_wconf 89' lang='lat' dir='ltr'>qui</span> <span class='ocrx_word' id='word_1_237' title='bbox 1208 2807 1471 2870; x_wconf 90' lang='lat' dir='ltr'>propiores</span> <span class='ocrx_word' id='word_1_238' title='bbox 1500 2814 1616 2855; x_wconf 88' lang='lat' dir='ltr'>sunt</span> <span class='ocrx_word' id='word_1_239' title='bbox 1642 2806 2028 2868; x_wconf 85' lang='lat' dir='ltr'>adulescentiae,</span> <span class='ocrx_word' id='word_1_240' title='bbox 2067 2805 2335 2855; x_wconf 87' lang='lat' dir='ltr'>inducendi</span> 
     </span>
     <span class='ocr_line' id='line_1_30' title="bbox 460 2891 2337 2957; baseline -0.001 -16"><span class='ocrx_word' id='word_1_241' title='bbox 460 2910 612 2955; x_wconf 90' lang='lat' dir='ltr'>more,</span> <span class='ocrx_word' id='word_1_242' title='bbox 650 2895 783 2943; x_wconf 88' lang='lat' dir='ltr'>infra</span> <span class='ocrx_word' id='word_1_243' title='bbox 822 2893 888 2956; x_wconf 88' lang='lat' dir='ltr'>(p.</span> <span class='ocrx_word' id='word_1_244' title='bbox 911 2891 1035 2953; x_wconf 85' lang='lat'>288)</span> <span class='ocrx_word' id='word_1_245' title='bbox 1076 2893 1358 2957; x_wconf 89' lang='lat' dir='ltr'>disputabo.</span> <span class='ocrx_word' id='word_1_246' title='bbox 1433 2895 1693 2957; x_wconf 83' lang='lat' dir='ltr'>Astyanax</span> <span class='ocrx_word' id='word_1_247' title='bbox 1732 2892 1882 2954; x_wconf 89' lang='lat' dir='ltr'>igitur</span> <span class='ocrx_word' id='word_1_248' title='bbox 1921 2892 2246 2955; x_wconf 78' lang='lat' dir='ltr'>SophocleuS,</span> <span class='ocrx_word' id='word_1_249' title='bbox 2295 2892 2337 2939; x_wconf 91' lang='lat' dir='ltr'>is</span> 
     </span>
     <span class='ocr_line' id='line_1_31' title="bbox 461 2977 2337 3043; baseline -0.002 -15"><span class='ocrx_word' id='word_1_250' title='bbox 461 2981 588 3028; x_wconf 91' lang='lat' dir='ltr'>enim</span> <span class='ocrx_word' id='word_1_251' title='bbox 630 2980 770 3028; x_wconf 90' lang='lat' dir='ltr'>nobis</span> <span class='ocrx_word' id='word_1_252' title='bbox 810 2984 920 3029; x_wconf 89' lang='lat' dir='ltr'>erat</span> <span class='ocrx_word' id='word_1_253' title='bbox 957 2980 1260 3043; x_wconf 76' lang='lat' dir='ltr'>proposituS,</span> <span class='ocrx_word' id='word_1_254' title='bbox 1301 2980 1509 3028; x_wconf 88' lang='lat' dir='ltr'>viriliter</span> <span class='ocrx_word' id='word_1_255' title='bbox 1547 2994 1600 3028; x_wconf 89' lang='lat' dir='ltr'>se</span> <span class='ocrx_word' id='word_1_256' title='bbox 1638 2978 1808 3042; x_wconf 86' lang='lat' dir='ltr'>gessit,</span> <span class='ocrx_word' id='word_1_257' title='bbox 1845 2981 2072 3042; x_wconf 89' lang='lat' dir='ltr'>raptores</span> <span class='ocrx_word' id='word_1_258' title='bbox 2110 2982 2160 3026; x_wconf 91' lang='lat' dir='ltr'>et</span> <span class='ocrx_word' id='word_1_259' title='bbox 2197 2977 2337 3026; x_wconf 89' lang='lat' dir='ltr'>inda-</span> 
     </span>
    </p>
   </div>
   <div class='ocr_carea' id='block_1_5' title="bbox 461 3093 801 3098">
    <p class='ocr_par' dir='ltr' id='par_1_5' title="bbox 461 3093 801 3098">
     <span class='ocr_line' id='line_1_32' title="bbox 461 3093 801 3098; baseline 0 0"><span class='ocrx_word' id='word_1_260' title='bbox 461 3093 801 3098; x_wconf 95' lang='lat' dir='ltr'> </span> 
     </span>
    </p>
   </div>
   <div class='ocr_carea' id='block_1_6' title="bbox 462 3158 2338 3286">
    <p class='ocr_par' dir='ltr' id='par_1_6' title="bbox 462 3158 2338 3286">
     <span class='ocr_line' id='line_1_33' title="bbox 605 3158 2338 3216; baseline -0.001 -12"><span class='ocrx_word' id='word_1_261' title='bbox 605 3161 641 3215; x_wconf 86' lang='grc'>1)</span> <span class='ocrx_word' id='word_1_262' title='bbox 673 3173 717 3204; x_wconf 92' lang='lat' dir='ltr'>v.</span> <span class='ocrx_word' id='word_1_263' title='bbox 739 3159 1068 3215; x_wconf 82' lang='lat' dir='ltr'>Heydemann,</span> <span class='ocrx_word' id='word_1_264' title='bbox 1115 3159 1352 3215; x_wconf 88' lang='lat' dir='ltr'>Iliupersis</span> <span class='ocrx_word' id='word_1_265' title='bbox 1392 3158 1473 3203; x_wconf 88' lang='lat' dir='ltr'>auf</span> <span class='ocrx_word' id='word_1_266' title='bbox 1509 3159 1633 3204; x_wconf 90' lang='lat' dir='ltr'>einer</span> <span class='ocrx_word' id='word_1_267' title='bbox 1671 3158 1973 3203; x_wconf 89' lang='lat' dir='ltr'>Trinkschale</span> <span class='ocrx_word' id='word_1_268' title='bbox 2016 3158 2100 3203; x_wconf 91' lang='lat' dir='ltr'>des</span> <span class='ocrx_word' id='word_1_269' title='bbox 2140 3158 2338 3216; x_wconf 87' lang='lat' dir='ltr'>Brygos,</span> 
     </span>
     <span class='ocr_line' id='line_1_34' title="bbox 462 3229 1797 3286; baseline 0 -12"><span class='ocrx_word' id='word_1_270' title='bbox 462 3231 579 3275; x_wconf 88' lang='lat' dir='ltr'>Berl.</span> <span class='ocrx_word' id='word_1_271' title='bbox 607 3234 728 3286; x_wconf 84' lang='lat'>1866,</span> <span class='ocrx_word' id='word_1_272' title='bbox 760 3231 854 3275; x_wconf 91' lang='grc' dir='ltr'>Τ.Ι</span> <span class='ocrx_word' id='word_1_273' title='bbox 886 3252 937 3267; x_wconf 92' lang='lat'><strong><em>=</em></strong></span> <span class='ocrx_word' id='word_1_274' title='bbox 961 3230 1349 3277; x_wconf 87' lang='lat' dir='ltr'>Wien.Vorl.·Bl.</span> <span class='ocrx_word' id='word_1_275' title='bbox 1381 3230 1475 3276; x_wconf 90' lang='lat' dir='ltr'>Ser.</span> <span class='ocrx_word' id='word_1_276' title='bbox 1489 3229 1615 3286; x_wconf 87' lang='lat' dir='ltr'>VIII,</span> <span class='ocrx_word' id='word_1_277' title='bbox 1646 3230 1699 3275; x_wconf 87' lang='lat' dir='ltr'>T.</span> <span class='ocrx_word' id='word_1_278' title='bbox 1717 3229 1797 3275; x_wconf 94' lang='lat' dir='ltr'>IV.</span> 
     </span>
    </p>
   </div>
   <div class='ocr_carea' id='block_1_7' title="bbox 607 3315 2039 3517">
    <p class='ocr_par' dir='ltr' id='par_1_7' title="bbox 607 3315 2039 3517">
     <span class='ocr_line' id='line_1_35' title="bbox 607 3315 1285 3394; baseline 0 -34"><span class='ocrx_word' id='word_1_279' title='bbox 607 3317 643 3372; x_wconf 82' lang='grc'>2)</span> <span class='ocrx_word' id='word_1_280' title='bbox 675 3315 732 3361; x_wconf 88' lang='lat' dir='ltr'>cf.</span> <span class='ocrx_word' id='word_1_281' title='bbox 764 3316 816 3361; x_wconf 93' lang='lat' dir='ltr'>Il.</span> <span class='ocrx_word' id='word_1_282' title='bbox 837 3329 963 3372; x_wconf 88' lang='lat' dir='ltr'>parv.</span> <span class='ocrx_word' id='word_1_283' title='bbox 980 3316 1079 3394; x_wconf 78' lang='lat' dir='ltr'>&gt;frg.</span> <span class='ocrx_word' id='word_1_284' title='bbox 1103 3320 1166 3370; x_wconf 83' lang='lat'>18,</span> <span class='ocrx_word' id='word_1_285' title='bbox 1190 3318 1285 3373; x_wconf 76' lang='lat' dir='ltr'>3s4:</span> 
     </span>
     <span class='ocr_line' id='line_1_36' title="bbox 775 3382 2039 3443; baseline -0.002 -12"><span class='ocrx_word' id='word_1_286' title='bbox 775 3390 921 3431; x_wconf 80' lang='grc' dir='ltr'><em>παῖδα</em></span> <span class='ocrx_word' id='word_1_287' title='bbox 953 3389 978 3431; x_wconf 80' lang='grc' dir='ltr'><em>ὃ</em></span> <span class='ocrx_word' id='word_1_288' title='bbox 1015 3382 1138 3433; x_wconf 64' lang='grc' dir='ltr'><em>ἑλὼν</em></span> <span class='ocrx_word' id='word_1_289' title='bbox 1171 3383 1226 3433; x_wconf 80' lang='grc' dir='ltr'>ἐκ</span> <span class='ocrx_word' id='word_1_290' title='bbox 1258 3384 1446 3432; x_wconf 82' lang='grc' dir='ltr'><strong><em>κόλπου</em></strong></span> <span class='ocrx_word' id='word_1_291' title='bbox 1480 3382 1808 3442; x_wconf 78' lang='grc' dir='ltr'><em>ἐυπλοκάμοιο</em></span> <span class='ocrx_word' id='word_1_292' title='bbox 1841 3382 2039 3443; x_wconf 75' lang='grc' dir='ltr'><em>τιθήνης</em></span> 
     </span>
     <span class='ocr_line' id='line_1_37' title="bbox 779 3453 1798 3517; baseline 0 -15"><span class='ocrx_word' id='word_1_293' title='bbox 779 3456 892 3516; x_wconf 79' lang='grc' dir='ltr'><em>ῥῖψε</em></span> <span class='ocrx_word' id='word_1_294' title='bbox 923 3455 1070 3511; x_wconf 80' lang='grc' dir='ltr'><strong><em>ποδὸς</em></strong></span> <span class='ocrx_word' id='word_1_295' title='bbox 1100 3455 1317 3516; x_wconf 81' lang='grc' dir='ltr'><em>τεταγὼν</em></span> <span class='ocrx_word' id='word_1_296' title='bbox 1350 3454 1444 3504; x_wconf 81' lang='grc' dir='ltr'>ἀπὸ</span> <span class='ocrx_word' id='word_1_297' title='bbox 1478 3453 1664 3517; x_wconf 76' lang='grc' dir='ltr'><em>πύργου</em></span> <span class='ocrx_word' id='word_1_298' title='bbox 1695 3460 1798 3502; x_wconf 80' lang='grc' dir='ltr'><em>κτλ.</em></span> 
     </span>
    </p>
   </div>
   <div class='ocr_carea' id='block_1_8' title="bbox 464 3542 2337 3662">
    <p class='ocr_par' dir='ltr' id='par_1_8' title="bbox 464 3542 2337 3662">
     <span class='ocr_line' id='line_1_38' title="bbox 464 3542 2337 3601; baseline -0.001 -14"><span class='ocrx_word' id='word_1_299' title='bbox 464 3544 624 3601; x_wconf 83' lang='lat' dir='ltr'>Itaque</span> <span class='ocrx_word' id='word_1_300' title='bbox 656 3548 774 3589; x_wconf 86' lang='lat' dir='ltr'>errat</span> <span class='ocrx_word' id='word_1_301' title='bbox 804 3544 1039 3601; x_wconf 88' lang='lat' dir='ltr'>Mayerus‚</span> <span class='ocrx_word' id='word_1_302' title='bbox 1081 3558 1184 3589; x_wconf 92' lang='lat' dir='ltr'>cum</span> <span class='ocrx_word' id='word_1_303' title='bbox 1223 3545 1345 3589; x_wconf 90' lang='lat' dir='ltr'>dicat</span> <span class='ocrx_word' id='word_1_304' title='bbox 1387 3545 1639 3590; x_wconf 88' lang='lat' dir='ltr'>secundum</span> <span class='ocrx_word' id='word_1_305' title='bbox 1671 3544 1846 3599; x_wconf 87' lang='lat' dir='ltr'>epicam</span> <span class='ocrx_word' id='word_1_306' title='bbox 1879 3543 2139 3589; x_wconf 90' lang='lat' dir='ltr'>memoriam</span> <span class='ocrx_word' id='word_1_307' title='bbox 2169 3542 2337 3600; x_wconf 87' lang='lat' dir='ltr'>Astya-</span> 
     </span>
     <span class='ocr_line' id='line_1_39' title="bbox 465 3615 1266 3662; baseline 0 -3"><span class='ocrx_word' id='word_1_308' title='bbox 465 3619 645 3661; x_wconf 88' lang='lat' dir='ltr'>nactem</span> <span class='ocrx_word' id='word_1_309' title='bbox 678 3619 828 3660; x_wconf 88' lang='lat' dir='ltr'>aetate</span> <span class='ocrx_word' id='word_1_310' title='bbox 860 3616 1076 3661; x_wconf 90' lang='lat' dir='ltr'>maiorem</span> <span class='ocrx_word' id='word_1_311' title='bbox 1108 3615 1266 3662; x_wconf 86' lang='lat' dir='ltr'>fuisse.</span> 
     </span>
    </p>
   </div>
  </div>
 </body>
</html>
