2548 4218
405 300 509 347 230

403 439 610 487 alicuius
661 454 831 487 errore
870 439 1057 487 Aethra
1103 456 1213 487 cum
1254 440 1408 489 choro
1449 441 1736 504 colloquens
1774 441 1999 490 traditur.
2074 439 2169 490 Sed
2210 457 2273 489 ne

402 525 650 574 Adrastus
703 524 926 592 quidem,
977 524 1060 587 qui
1112 525 1160 573 in
1213 541 1394 574 scaena
1445 525 1610 587 adest,
1661 527 1777 574 huic
1827 527 2033 574 carmini
2084 526 2275 574 admitti

403 614 580 672 potest.
661 611 787 658 Nam
842 610 1106 672 quominus
1157 626 1241 658 eas
1291 613 1484 673 partes,
1536 626 1665 673 quae
1716 612 1764 658 in
1812 612 2006 660 Wilam.
2057 611 2274 659 editione

398 682 560 758 Ἡμιχ.
589 710 623 741 α
661 695 938 758 signantur,
976 696 1021 742 ei
1059 695 1347 754 tribuamuS,
1387 695 1652 758 prohibent
1689 711 1767 744 vv.
1796 699 2024 747 666—7:
2062 684 2167 744 τίν’
2208 684 2277 742 ἂν

403 771 575 843 λόγον
612 772 867 838 τάλαινα,
907 766 1012 827 τίν’
1053 767 1122 827 ἂν
1158 768 1328 828 τῶνδ’
1368 773 1516 827 αἰτία
1557 772 1806 844 λάβοιμι;
1844 783 1961 844 quia
1998 782 2272 830 feminam

402 865 678 928 requirunt
772 864 821 912 Si
877 869 1042 913 autem
1101 865 1286 913 alteras
1341 870 1511 929 partes
1561 861 1738 929 (Ἡμιχ.
1780 863 1834 926 β)
1891 867 1934 914 ei
1993 867 2276 929 t1·ibuamu8‚

403 949 535 1013 quod
589 966 680 1013 per
730 966 782 999 se
823 956 898 999 est
935 952 1042 999 veri
1085 950 1342 1013 dissimile,
1394 951 1511 1013 quia
1549 955 1651 999 tum
1691 951 1990 1014 colloquium
2033 952 2277 1013 turbatur,

403 1042 585 1084 matres
623 1051 676 1084 se
716 1037 851 1098 ipsae
891 1036 1164 1098 appellent:
1207 1018 1253 1083 ῶ
1289 1030 1478 1099 μέλεαι
1504 1030 1720 1099 μελέων
1743 1031 1973 1101 ματέρες
1999 1034 2275 1100 λοχαγῶνε

403 1121 535 1183 quod
592 1120 699 1169 fieri
755 1136 904 1184 posse
959 1137 1086 1183 nego
1138 1121 1410 1170 secundum
1464 1122 1753 1170 sollemnem
1805 1122 1981 1171 Graeci
2034 1123 2276 1170 sermonis

404 1219 567 1254 usum:
620 1207 892 1269 requiritur
942 1207 1070 1255 enim
1111 1207 1299 1270 primae
1341 1221 1586 1269 personae
1624 1223 1922 1270 pronomen,
1972 1208 2110 1256 velut
2148 1209 2276 1257 273:

403 1281 450 1338 ῶ
485 1287 648 1356 μελέα
680 1282 801 1356 “γῶ’,
852 1296 977 1343 922;
1015 1284 1126 1356 ἐγῶ
1164 1283 1414 1340 τάλαινα.
1491 1294 1664 1356 Itaque
1704 1294 1934 1356 quoniam
1977 1294 2275 1356 colloquium

404 1379 481 1426 hic
522 1379 651 1426 inter
690 1378 815 1427 duas
855 1394 1098 1441 personas
1136 1378 1238 1427 fieri
1280 1378 1351 1438 (in
1391 1379 1551 1442 prima
1589 1378 1789 1442 quidem
1829 1380 2037 1442 stropha
2075 1385 2124 1428 et
2156 1381 2277 1427 anti-

403 1460 628 1528 strophe)
669 1465 776 1527 ipsa
810 1464 965 1513 verba
992 1464 1264 1528 declarant,
1302 1466 1370 1513 ita
1397 1464 1611 1527 quidem,
1649 1468 1703 1513 ut
1738 1464 1893 1513 altera
1924 1453 2108 1527 (Ἡμιχ.
2138 1462 2191 1524 α)
2224 1469 2279 1512 ut

403 1549 574 1598 timida
601 1553 649 1598 et
674 1550 836 1609 anxia,
872 1551 1028 1599 altera
1054 1536 1233 1614 (Ἡμιχ.
1261 1548 1315 1610 β)
1344 1553 1398 1599 ut
1424 1566 1601 1599 secura
1629 1550 1783 1613 magis
1810 1553 1860 1598 et
1884 1549 2098 1598 fiduciae
2126 1550 2276 1612 plena

404 1635 728 1699 depingatur,
774 1636 866 1684 iam
908 1636 1031 1684 nihil
1068 1639 1240 1695 restat,
1281 1635 1372 1684 nisi
1410 1638 1464 1685 ut
1501 1635 1806 1684 hemichoria
1844 1635 1891 1683 in
1934 1635 2026 1683 hoc
2066 1635 2280 1683 carmine

404 1721 610 1770 vocibus
659 1722 908 1771 alternare
959 1709 1257 1780 statuamus,
1308 1738 1473 1785 neque
1526 1722 1652 1770 enim
1693 1722 1920 1770 novimus
1957 1721 2098 1769 aliam
2140 1721 2278 1769 chori

405 1809 453 1856 in
505 1807 630 1856 duas
682 1811 850 1871 partes
901 1807 1158 1856 dividendi
1209 1809 1468 1856 rationem.
1543 1808 1643 1855 Iam
1697 1807 1736 1855 si
1791 1807 1999 1870 primum
2051 1807 2281 1869 ponimus

405 1898 630 1942 matres
656 1897 807 1956 atque
834 1894 1093 1942 famulas
1121 1909 1179 1942 ea
1206 1895 1398 1942 ratione
1421 1893 1658 1941 discerni:
1688 1898 1742 1941 ut
1761 1892 1969 1940 famulas
1989 1907 2280 1954 repraesen-

404 1980 495 2027 tari
536 1982 762 2042 putemus
790 1979 1091 2028 hemichorio
1119 1993 1168 2037 α,
1211 1979 1316 2027 fieri
1355 1994 1453 2027 non
1494 1982 1660 2041 potest
1698 1981 1904 2041 propter
1942 1993 2020 2025 vv.
2049 1980 2149 2027 606
2164 1980 2281 2026 -81

403 2053 508 2112 τίν’
535 2052 605 2112 ἂν
631 2056 818 2128 λόγον,
851 2056 1105 2124 τάλαινα,
1134 2052 1241 2111 τίν’
1270 2053 1338 2111 ἂν
1366 2051 1536 2112 τῶνδ’
1564 2058 1713 2111 αἰτία
1741 2055 1962 2127 λάβοιμι
1971 2079 1989 2122 ,·
2027 2078 2154 2125 quae
2182 2079 2279 2111 non

405 2151 711 2200 conveniunt
763 2151 855 2199 nisi
895 2151 1154 2199 matribus:
1206 2151 1267 2198 ab
1319 2150 1378 2198 iis
1416 2151 1547 2199 enim
1587 2151 1699 2199 unis
1736 2165 1905 2198 earum
1945 2164 2113 2197 rerum
2154 2149 2280 2197 ratio

408 2241 570 2299 potest
618 2237 830 2299 reposci.
906 2237 972 2284 At
1010 2252 1072 2284 ne
1110 2236 1313 2285 alterius
1352 2235 1549 2299 quidem
1593 2235 1877 2284 hemichorii
1917 2237 2086 2298 partes
2123 2234 2279 2283 famu·

408 2322 547 2371 labus
585 2322 769 2370 ascribi
808 2326 1041 2385 possunt:
1089 2323 1158 2371 ita
1197 2323 1325 2370 enim
1366 2326 1547 2370 matres
1585 2337 1637 2371 se
1675 2321 1814 2385 ipsae
1853 2321 2189 2384 appellarent:
2235 2303 2281 2368 ῶ

405 2402 592 2471 μέλεαι
646 2402 861 2471 μελέων
914 2402 1143 2472 ματέρες
1202 2403 1481 2471 λοχαγῶν,
1537 2408 1668 2470 quod
1725 2407 1917 2456 admitti
1976 2423 2074 2456 non
2131 2421 2282 2470 posse

406 2509 557 2557 supra
607 2493 820 2542 ostendi.
895 2495 1015 2542 Eam
1066 2498 1229 2543 autem
1270 2494 1532 2552 rationem,
1585 2496 1640 2542 ut
1677 2493 1886 2542 alterum
1927 2493 2280 2542 hemichori‘um

407 2581 614 2628 alterum
668 2580 914 2629 communi
951 2581 1167 2629 omnium
1208 2579 1558 2628 choreutarum
1599 2580 1798 2628 nomine
1837 2579 2135 2643 appellaret,
2186 2578 2282 2627 usi·

405 2669 556 2714 tatam
595 2665 763 2725 fuisse,
801 2666 991 2714 indicat
1029 2666 1282 2715 Troadum
1323 2666 1462 2715 locus
1502 2666 1581 2714 hic
1620 2664 1743 2725 (165
1767 2663 1917 2728 sqq.):

830 2775 1020 2844 μέλεαι
1056 2771 1290 2844 μόχθων
1330 2770 1775 2843 ἐπακουσόμεναι

842 2857 1093 2931 Τρῳάδες
1131 2859 1238 2927 ἔξω
1276 2859 1570 2930 κομίσασθ’
1609 2858 1799 2913 οἴκων.

410 2983 583 3044 Itaque
637 2982 920 3030 necessario
972 2981 1023 3030 in
1073 2982 1169 3031 hoc
1222 2982 1440 3030 carmine
1487 2984 1669 3030 matres
1708 2996 1818 3029 cum
1859 2979 2096 3028 matribus
2134 2978 2282 3026 collo-

411 3072 653 3130 quuntur3
694 3084 802 3116 nam
845 3070 892 3116 in
933 3069 1092 3117 altera
1132 3072 1293 3131 parte,
1333 3083 1462 3130 quae
1502 3073 1550 3116 et
1588 3068 1695 3130 ipsa
1733 3066 1942 3130 praebet
1981 3065 2279 3127 colloquium

411 3154 539 3201 inter
577 3153 703 3221 duas
743 3169 995 3215 personas,
1034 3153 1241 3202 eandem
1282 3153 1523 3202 rationem
1565 3154 1741 3202 merito
1779 3166 2035 3214 ponemus.
2106 3150 2282 3198 Famu-

411 3239 569 3287 larum
622 3239 789 3287 cantui
840 3240 886 3287 in
941 3240 1034 3289 hoc
1081 3239 1299 3288 carmine
1346 3239 1486 3287 locus
1525 3242 1598 3287 est
1637 3238 1825 3301 nulluS,
1874 3251 1999 3299 quas
2038 3251 2100 3284 ne
2140 3235 2285 3284 decet

412 3323 610 3387 quidem
652 3325 718 3372 ita
757 3340 865 3372 eum
907 3325 1143 3374 matribus
1183 3323 1416 3387 colloqui,
1455 3324 1598 3384 quasi
1635 3323 1726 3372 sibi
1766 3326 1932 3371 essent
1970 3336 2132 3385 pares.
2207 3321 2283 3369 In‘

379 3427 381 3430 ⁴
413 3410 546 3458 dicat
584 3411 690 3473 ipse
730 3410 1016 3473 Euripides,
1069 3409 1190 3473 quid
1233 3409 1408 3458 deceat
1445 3409 1678 3470 famulas,
1717 3423 1827 3456 cum
1867 3408 2026 3470 primo
2067 3406 2285 3455 carmine

414 3511 496 3544 eas
538 3512 636 3544 non
675 3495 876 3544 iusserit
915 3504 1123 3544 matrum
1165 3497 1399 3559 precibus
1431 3495 1677 3556 assentiri,
1716 3493 1802 3542 sed
1842 3493 2072 3542 tribuerit
2099 3493 2157 3541 iis
2183 3507 2282 3540 non

414 3581 506 3632 nisi
564 3581 716 3630 breve
774 3596 996 3645 carmen,
1054 3597 1151 3646 quo
1201 3581 1388 3630 luctum
1439 3581 1776 3646 exprimerent
1826 3594 1942 3629 vere
1993 3578 2160 3630 servili
2212 3577 2284 3625 in·
