2548 4218
445 283 545 329 286

584 422 642 469 In
694 421 786 469 hac
835 420 1010 470 tabula
1060 420 1155 470 hoc
1204 421 1416 483 primum
1470 419 1585 470 ferit
1634 421 1830 480 oculos,
1884 421 2018 485 quod
2058 437 2217 486 usque
2255 423 2319 472 ad

444 522 626 556 annum
676 509 777 555 421
832 520 1003 555 omnes
1060 505 1262 555 fabulae
1311 505 1614 570 Euripidcae
1670 509 1874 569 praeter
1931 523 2078 556 unam
2129 508 2318 572 Hippo-

443 593 599 655 lytum
627 591 674 655 b,
707 605 972 654 puerorum
1008 594 1177 653 partes
1203 590 1468 653 praebent3
1509 593 1677 653 postea
1718 605 1878 654 usque
1915 592 1975 640 ad
2003 608 2187 642 annum
2215 596 2317 644 415

444 676 518 725 bis
556 679 819 740 praeterea
858 674 999 737 pueri
1038 674 1379 733 inveniuntur,
1432 674 1521 724 sed
1571 676 1603 724 ii
1643 676 1845 725 minoris
1883 677 2059 726 aetatis
2099 682 2149 727 et
2186 679 2322 742 muti,

442 765 558 824 post
597 775 707 808 eum
747 774 932 807 annum
973 757 1318 807 tantummodo
1358 758 1632 807 simulacra.
1707 759 1804 809 Sed
1844 776 1907 808 ne
1944 759 1994 809 in
2032 760 2321 824 Sophocleis

445 849 494 894 et
543 844 924 907 Aristophaneis
980 843 1179 907 quidem
1237 843 1416 892 fabulis
1467 848 1580 907 post
1630 859 1815 893 annum
1866 848 1966 894 421
2022 847 2126 894 veri
2177 848 2321 910 pueri

445 930 690 995 prodiisse
727 929 994 987 videntur,
1043 944 1157 977 nam
1209 927 1342 992 apud
1382 929 1768 992 Aristophanem
1819 945 1972 979 unum
2024 931 2321 981 offendimus

443 1016 756 1080 Lysistratae
793 1013 1111 1062 simulacrum
1153 1017 1202 1062 et
1240 1028 1327 1063 eae
1355 1013 1615 1078 Sophoclis
1653 1014 1868 1077 fabulae,
1906 1031 2036 1078 quae
2076 1017 2223 1065 certis
2260 1032 2322 1066 ex

444 1099 751 1165 argumentis
776 1099 846 1148 illi
867 1098 1018 1148 aetati
1039 1098 1409 1163 adscribuntur,
1429 1099 1753 1164 Philoctetes,
1773 1100 2088 1159 Trachiniae,
2112 1102 2322 1161 Electra,

445 1185 672 1249 Oedipus
700 1185 966 1248 Coloneus,
1004 1185 1173 1247 pueris
1208 1187 1393 1233 carent.
1467 1186 1644 1248 Itaque
1682 1187 1721 1234 si
1762 1201 1821 1234 ex
1861 1187 2024 1250 parcis
2064 1186 2139 1235 his
2176 1202 2323 1251 argu-

451 1271 629 1320 mentis
681 1270 869 1333 aliquid
921 1269 1219 1319 concludere
1270 1270 1407 1333 licet,
1462 1271 1511 1319 in
1569 1274 1673 1320 toto
1729 1271 1860 1320 illius
1912 1271 2062 1322 moris
2111 1272 2326 1322 scaenici

444 1371 716 1421 progressu
768 1355 886 1404 anni
940 1358 1041 1405 421
1084 1358 1133 1404 et
1170 1358 1273 1404 415
1325 1356 1467 1418 quasi
1518 1371 1608 1418 pro
1657 1356 1880 1405 terminis
1930 1357 2143 1407 habendi
2195 1360 2324 1417 sunt,

448 1456 575 1505 quos
615 1443 665 1490 in
706 1440 877 1489 tabula
915 1441 1060 1489 lineis
1100 1440 1394 1503 subscriptis
1433 1442 1641 1503 signavi.
1713 1442 1934 1491 Primum
1975 1442 2193 1506 denique
2229 1446 2324 1492 ter-

444 1529 626 1576 minum
667 1542 852 1576 annum
891 1529 996 1577 430
1035 1525 1355 1575 statuendum
1395 1525 1541 1587 duxi,
1594 1527 1826 1590 quoniam
1866 1528 2026 1591 prima
2065 1543 2124 1576 ea
2163 1531 2325 1578 aetate

443 1613 587 1677 pueri
637 1611 892 1674 Euripidei
944 1611 1144 1675 quidem
1201 1610 1308 1659 fere
1366 1626 1536 1660 omnes
1587 1615 1796 1674 canunt,
1854 1628 1966 1661 cum
2023 1613 2326 1676 posteriores

444 1702 643 1761 praeter
681 1697 969 1760 Supplicum
1021 1711 1207 1760 pueros
1246 1697 1346 1745 sint
1384 1697 1525 1752 muti3
1578 1702 1742 1746 tamen
1783 1698 2133 1762 Aristophanis
2181 1698 2325 1761 pueri

446 1799 504 1832 ea
543 1784 652 1847 ipsa
691 1786 871 1846 aetate,
908 1797 1006 1845 qua
1045 1781 1305 1844 Euripidei
1344 1785 1528 1845 tacent,
1567 1782 1721 1831 verba
1761 1782 1965 1832 faciunt.

589 1868 919 1917 Probavimus
965 1867 1118 1931 igitur
1165 1882 1349 1916 morem
1392 1867 1543 1930 illum,
1582 1866 1646 1916 de
1686 1883 1786 1931 quo
1826 1867 2150 1931 disputamuS‚
2189 1871 2327 1919 certa

447 1953 662 2018 quadam
712 1953 907 2002 ratione
958 1967 1277 2016 progressum
1331 1967 1453 2015 esse,
1504 1954 1572 2002 ita
1623 1952 1839 2017 quidem,
1891 1959 1947 2003 ut
1999 1970 2098 2003 non
2152 1953 2326 2004 eodem

446 2055 644 2104 semper
692 2038 742 2087 in
782 2039 972 2087 honore
1011 2053 1070 2086 ac
1109 2038 1273 2102 gratia
1323 2037 1447 2086 illud
1500 2036 1762 2087 artificium
1815 2038 1989 2100 fuisse,
2038 2039 2125 2088 sed
2177 2039 2326 2088 certis

447 2124 757 2188 temporibus
810 2126 1052 2172 mutatum
1097 2126 1250 2185 atque
1287 2128 1532 2172 remotum
1573 2138 1681 2172 esse
1722 2123 1969 2173 videatur.
2045 2125 2166 2175 Cum
2205 2139 2327 2174 vero

447 2208 840 2271 fundamentum,
891 2223 991 2271 quo
1043 2207 1268 2272 nitimur,
1319 2223 1418 2257 non
1473 2208 1592 2258 satis
1642 2206 1835 2257 firmum
1891 2210 1954 2258 sit
1991 2210 2053 2258 ob
2093 2210 2325 2273 exiguum

448 2295 768 2359 superstitum
796 2294 1074 2344 fabularum
1115 2309 1391 2357 numerum,
1429 2294 1919 2358 circumspiciendum
1960 2298 2049 2358 est,
2087 2294 2328 2357 ecquibus

449 2382 557 2430 aliis
607 2381 916 2444 argumentis
973 2396 1031 2429 ea
1084 2381 1371 2429 coniectura
1419 2380 1586 2428 fulciri
1633 2381 1804 2444 possit.
1882 2380 2039 2440 Quem
2079 2380 2142 2428 ad
2180 2380 2327 2429 finem

451 2483 622 2516 omnes
659 2467 854 2516 fabulas
900 2466 1195 2530 Euripideas
1250 2482 1343 2530 per
1394 2469 1496 2515 tres
1532 2466 1643 2515 illas
1700 2470 1888 2515 aetates
1936 2466 2220 2529 dispertitas
2276 2466 2327 2514 in

449 2569 550 2602 uno
591 2556 866 2617 conspectu
903 2553 1071 2618 posui,
1120 2553 1187 2600 ita
1238 2551 1459 2615 quidem,
1510 2556 1564 2600 ut
1614 2552 1663 2600 in
1704 2551 1911 2600 dextera
1955 2555 2098 2615 parte
2137 2567 2220 2601 eas
2259 2551 2328 2600 fa-

449 2639 606 2704 bulae,
643 2655 773 2703 quae
800 2638 1042 2703 praebent
1069 2653 1267 2702 pueros,
1305 2637 1354 2686 in
1382 2637 1539 2697 laeva,
1579 2653 1708 2700 quae
1746 2653 1846 2686 non
1885 2636 2141 2701 praebent,
2179 2636 2328 2686 collo·

451 2741 630 2775 carem.
724 2725 865 2786 Quae
927 2724 1100 2774 tabula
1162 2724 1352 2773 etiamsi
1411 2724 1710 2772 coniecturis
1768 2723 1943 2772 nititur
1999 2738 2098 2772 non
2157 2722 2328 2786 utique

452 2811 624 2870 certis,
675 2813 840 2860 tamen
891 2810 1107 2873 aliquam
1148 2809 1362 2874 speciem
1402 2808 1628 2858 veritatis
1667 2807 1783 2858 inde
1824 2808 1988 2871 colligi
2027 2824 2173 2873 posse
2213 2824 2328 2858 con·

451 2897 673 2949 cedetur.
