2548 4218
2048 240 2148 286 273

284 375 494 437 duxerit,
530 391 629 424 non
668 375 763 424 iam
804 374 1151 434 discernimus;
1191 377 1286 425 hoc
1323 376 1565 436 videmus,
1603 377 1653 426 in
1678 393 1834 440 puero
1861 377 2149 441 quaerendo

284 464 334 508 et
370 459 701 524 repperiendo
741 475 969 523 magnam
1010 461 1208 510 fabulae
1235 465 1426 525 partem
1453 463 1665 524 positam
1692 462 1847 511 fuisse
1874 460 1990 525 (frg.
2013 461 2150 522 636).

283 544 479 594 Deinde
518 560 683 607 regem
723 546 946 594 etiamid
974 561 1003 594 a
1028 546 1238 609 Polyido
1277 548 1573 611 postulasse,
1612 550 1666 596 ut
1703 562 1912 609 puerum
1940 548 2148 596 resusci-

280 633 423 694 taret,
460 630 601 693 sequi
639 628 839 678 videtur
878 646 938 678 ex
977 629 1068 693 frg.
1092 633 1215 681 639:

533 719 715 793 μάτην
753 720 855 793 γὰρ
896 722 1036 794 οἴκῳ
1076 720 1177 777 σὸν
1214 718 1332 778 τόδ’
1358 723 1551 795 ἐκβαίη
1589 725 1767 789 τέλος,

279 827 361 877 ubi
401 827 609 876 adnotat
646 828 910 876 scholiasta
944 827 1029 888 (ad
1055 830 1199 878 Hom.
1226 828 1300 889 ΙΙ.)
1338 823 1500 887 τέλος
1527 829 1808 893 significare
1836 820 2150 894 δαπάνημα,

279 912 413 976 quod
452 912 522 960 sic
561 915 681 974 puto
731 913 1128 975 intellegendum
1176 929 1298 973 esse,
1353 919 1407 963 ut
1449 930 1618 976 regem
1663 913 1874 977 Polyido
1921 930 2148 977 magnam

279 998 522 1060 pecuniae
550 998 663 1060 vim,
702 999 741 1045 si
780 1013 989 1060 puerum
1030 999 1196 1047 vivum
1236 998 1552 1059 reddidisset,
1591 1000 1879 1062 promisisse
1906 1003 2150 1062 putemus.

277 1084 451 1145 ltaque
502 1082 542 1130 si
591 1078 783 1145 μῦθον
822 1083 1089 1146 Euripides
1141 1088 1342 1133 secutus
1395 1088 1485 1146 est,
1535 1085 1584 1132 in
1630 1083 1728 1132 fine
1777 1084 1978 1133 fabulae
2024 1100 2150 1147 puer

275 1167 422 1216 vivus
460 1167 509 1215 in
548 1182 777 1215 scaenam
816 1167 1017 1231 prodiit,
1056 1183 1174 1216 sane
1210 1173 1264 1217 ut
1289 1169 1529 1231 parvulus
1554 1169 1635 1218 ille
1663 1169 1974 1232 cogit-andus,
2013 1169 2148 1232 quod

281 1267 435 1315 supra
474 1250 540 1314 (p.
564 1250 685 1310 259)
729 1253 1081 1302 demonstravi.

420 1338 594 1387 Restat
631 1333 786 1401 Auge,
837 1339 886 1386 in
939 1354 1037 1401 qua
1074 1339 1351 1401 Telephum
1403 1338 1643 1388 infantem
1681 1339 1730 1387 in
1772 1353 1957 1387 scaena
1994 1338 2150 1388 fuisse

276 1423 517 1486 imprimis
555 1424 781 1486 sequitur
820 1439 881 1472 ex
909 1423 1107 1473 Aeliani
1147 1423 1362 1486 quodam
1399 1424 1510 1473 loco
1537 1419 1613 1486 (V.
1639 1424 1700 1472 H.
1725 1425 1833 1486 Xll,
1863 1421 1962 1483 15),
2001 1440 2149 1487 quem

278 1508 454 1570 Augae
499 1508 751 1571 Euripidis
802 1508 1076 1557 vindicavit
1115 1509 1522 1558 Wilamowitzius
1561 1507 1638 1568 (A.
1666 1511 1720 1558 Ε.
1759 1525 1805 1572 p.
1831 1507 1974 1568 189):
2023 1509 2150 1558 Her-

276 1595 438 1642 culem
476 1592 663 1642 alicubi
700 1592 761 1641 ab
789 1594 1038 1655 Euripide
1076 1595 1251 1643 induci
1278 1608 1501 1656 puerum
1539 1595 1675 1643 ulnis
1715 1599 1971 1642 tenentem.
2027 1597 2148 1644 Eam

280 1678 614 1728 coniecturam
654 1680 905 1728 Robertus
954 1680 1003 1727 in
1056 1680 1471 1729 commentatione
1521 1681 1632 1742 illa,
1684 1695 1828 1742 quam
1879 1680 1940 1728 de
1979 1696 2149 1729 monu-

276 1767 453 1812 mentis
508 1765 831 1827 Pergamenis
887 1763 1151 1828 scripsit,¹)
1207 1764 1532 1814 confirmavit.
1612 1765 1839 1815 Ceterum
1895 1780 2041 1828 puer,
2097 1770 2152 1814 ut

278 1850 484 1908 lactenS,
522 1849 570 1898 in
611 1863 793 1898 scaena
831 1849 1147 1899 simulacrum
1186 1849 1340 1899 fuisse
1378 1849 1591 1899 videtur.

422 1933 629 1983 Ceterae
668 1948 839 1983 omnes
878 1934 1079 1983 ultimae
1106 1935 1285 1984 aetatis
1313 1933 1603 1998 tragoediae
1630 1919 1800 1998 pueris
1828 1938 2016 1998 carent,
2054 1935 2147 1984 nisi

274 2018 404 2069 forte
442 2019 681 2068 Phrixum
732 2022 781 2068 et
832 2019 1164 2084 Chrysippum
1204 2035 1425 2083 pueros
1474 2020 1534 2068 ab
1574 2019 1812 2082 Euripide
1850 2013 1991 2069 fictos
2042 2035 2149 2069 esse

275 2105 562 2167 suspicaris.
635 2105 702 2153 At
740 2105 1051 2169 Chrysippus
1087 2121 1118 2154 a
1154 2106 1343 2168 Pelope
1381 2105 1655 2169 adamatus,
1706 2104 1846 2154 cuius
1885 2121 2147 2169 personam

277 2196 411 2241 certe
451 2206 580 2239 unus
620 2205 680 2239 ex
718 2191 876 2240 tribus
914 2192 1237 2241 histrionibus
1276 2193 1509 2255 suscepit,
1562 2191 1856 2241 adulescens
1906 2198 1981 2241 est
2019 2193 2149 2254 cogi·

275 2275 480 2337 tandus3
514 2276 657 2324 idem
699 2277 759 2324 de
797 2277 984 2326 Phrixo
1023 2278 1178 2335 valet;
1226 2277 1287 2325 de
1326 2293 1424 2340 quo
1463 2291 1647 2340 genere
1686 2292 2011 2340 personarum
2054 2277 2150 2326 dis-

234 2411 238 2415 ,
275 2362 558 2424 putavimus
597 2377 644 2424 p.
680 2364 798 2412 256.
847 2361 1086 2411 Phrixum
1133 2366 1297 2411 autem
1329 2364 1599 2411 Robertum
1639 2365 1841 2411 secutus
1882 2365 2147 2425 propterea

278 2447 481 2496 ultimae
521 2447 671 2495 aetati
705 2446 949 2506 adscrib0,
989 2448 1107 2510 quia
1141 2449 1342 2511 longam
1370 2463 1460 2512 per
1487 2448 1665 2496 multas
1691 2450 1881 2496 aetates
1909 2448 2145 2496 maiorum

274 2533 323 2581 in
375 2533 586 2595 prologo
638 2533 1079 2592 enumerationem,
1136 2534 1298 2596 qualis
1349 2539 1424 2582 est
1475 2534 1523 2582 in
1562 2533 1655 2596 frg.
1677 2535 1796 2596 819,
1846 2548 1904 2581 ea
1949 2533 2144 2581 demum

273 2621 436 2666 aetate
477 2616 743 2679 Euripides
781 2616 1016 2666 adhibere
1056 2613 1280 2680 coepiffl)

413 2873 851 2936 Aristophanis
908 2873 1194 2936 deperditas
1251 2873 1447 2922 fabulas
1504 2873 1567 2921 ad
1625 2874 1752 2923 hanc
1802 2876 2143 2937 quaestionem

274 2974 374 3006 non
426 2958 654 3022 adhibui,
709 2959 894 3022 quippe
945 2975 1007 3007 ex
1058 2975 1264 3021 quarum
1318 2960 1714 3021 perscrutatione
1765 2975 1863 3009 non
1915 2977 2145 3024 magnum

274 3044 386 3092 huic
425 3045 828 3094 commentationi
866 3044 1079 3093 fructum
1121 3045 1363 3093 oriturum
1403 3059 1510 3093 esse
1549 3047 1794 3108 putarem.

418 3194 452 3250 ¹)
481 3193 636 3239 Jahrb.
655 3195 738 3239 des
755 3195 946 3240 Kaiserl.
964 3194 1184 3239 Deutsch.
1203 3195 1320 3239 arch.
1339 3194 1502 3250 Instit„
1524 3195 1615 3240 vol.
1638 3195 1683 3239 II
1699 3197 1866 3252 (1887),
1882 3210 1926 3252 p.
1946 3201 2027 3242 246
2045 3210 2145 3254 sqq.

416 3266 454 3321 2)
485 3264 542 3310 cf.
575 3266 645 3310 De
674 3266 856 3322 Arnim,
889 3266 947 3311 de
979 3265 1183 3322 prologis
1214 3266 1490 3326 Euripideis‚
1533 3267 1714 3312 dissert.
1746 3268 1898 3324 inaug.
1929 3268 2146 3326 Gryphis-

278 3335 410 3381 wald.
446 3340 564 3381 1882.
