2548 4218
487 326 590 374 290

486 465 547 513 ab
575 464 815 527 Euripide
844 465 1042 529 quidem
1070 466 1188 515 inde
1227 467 1287 515 ab
1328 483 1459 516 anno
1500 467 1696 517 circiter
1722 472 1827 520 430
1865 469 2090 520 adhiberi
2130 475 2361 534 coeptum

486 564 594 598 esse
622 548 830 598 videtur.
906 548 1152 614 Occurrit,
1190 555 1243 600 ut
1271 552 1464 616 opinor,
1491 552 1541 601 in
1569 553 1808 618 Thyesta,
1833 553 2044 604 fortasse
2070 556 2120 604 in
2147 556 2362 621 These0,

486 635 534 683 in
575 635 869 695 Heraclidis,
923 636 1157 700 Hercule,
1205 637 1539 701 Supplicibus.
1615 639 1781 689 Simile
1819 640 2049 703 quiddam
2089 641 2362 705 Sophocles

483 720 533 769 in
573 719 764 784 Oedipo
816 736 936 785 rege
982 721 1138 771 finxit.
1212 719 1322 783 Qua
1373 738 1482 772 cum
1520 727 1627 774 arte
1665 725 1802 774 aliud
1839 725 2096 775 artificium
2135 728 2361 790 proxime

485 806 742 856 cohaeret:
783 806 876 855 hoc
914 806 1047 871 dico,
1086 803 1375 871 Euripidem
1415 809 1640 859 minimos
1679 814 1799 859 natu
1840 826 1949 860 cum
1990 812 2227 876 maximis,
2264 812 2292 860 i.
2321 827 2363 862 e.

482 891 683 940 senibus
721 895 881 941 aetate
919 892 1015 941 iam
1057 892 1326 957 decrepita,
1365 909 1514 958 saepe
1565 895 1885 945 coniunxisse
1938 913 2096 960 eaque
2135 897 2363 960 imagine,

484 992 584 1040 qua
609 977 742 1026 vitae
780 977 1025 1027 humanae
1065 978 1189 1028 fines
1216 979 1479 1029 artificiose
1508 981 1820 1030 consociatos
1847 982 2150 1046 ostenderet,
2187 982 2363 1031 callide

484 1063 735 1112 studuisse
786 1065 1120 1127 spectantium
1173 1080 1350 1115 sensus
1395 1081 1597 1116 movere
1636 1070 1788 1131 atque
1826 1067 1917 1116 sibi
1969 1069 2254 1118 conciliare.
2293 1094 2363 1101 —-

485 1147 598 1208 Sed,
653 1153 763 1199 utut
822 1150 916 1199 hoc
964 1154 1053 1210 est,
1105 1150 1212 1199 vix'
1238 1167 1365 1215 opus
1416 1155 1490 1201 est
1528 1152 1873 1203 demonstrare
1911 1158 2086 1217 poetas
2125 1154 2270 1204 etiam
2309 1153 2360 1203 in

486 1235 544 1283 iis
597 1234 804 1296 fabuliS,
857 1236 905 1284 in
957 1236 1138 1299 quibus
1188 1237 1331 1300 pueri
1384 1238 1543 1287 minus
1593 1237 1733 1287 firmo
1773 1243 1821 1288 et
1859 1242 1966 1288 arto
2007 1255 2116 1288 cum
2155 1239 2362 1303 propria

486 1321 682 1370 actione
709 1322 910 1370 vinculo
945 1322 1198 1371 coniuncti
1234 1338 1344 1372 esse
1382 1323 1636 1387 videntur,
1673 1328 1813 1374 tanta
1840 1328 1946 1373 arte
1986 1340 2156 1375 eorum
2195 1328 2364 1388 partes

487 1407 848 1471 composuisse,
900 1410 956 1456 ut
1006 1408 1091 1456 vix
1143 1423 1234 1458 nos
1284 1409 1343 1458 iis
1394 1425 1529 1459 nunc
1580 1425 1751 1459 carere
1801 1411 2026 1460 velimus.
2113 1410 2364 1460 Eiusmodi

486 1492 683 1542 fabulas
723 1493 811 1542 has
850 1493 936 1542 tibi
976 1509 1219 1558 propone.

629 1580 847 1628 Primum
876 1580 925 1628 in
954 1579 1265 1629 Alcestide
1292 1596 1412 1630 sane
1438 1580 1724 1631 laudandus
1751 1584 1824 1631 est
1848 1586 2010 1646 poeta,
2037 1581 2171 1646 quod
2198 1598 2363 1632 coram

491 1664 659 1714 liberis
698 1665 962 1715 Admetum
1003 1666 1245 1716 Alcestidi
1286 1667 1656 1730 promittentem
1697 1667 1815 1716 fecit
1855 1683 1908 1716 se
1947 1683 2116 1717 eorum
2157 1669 2363 1717 tutelam

487 1754 859 1814 suscepturum;
899 1752 968 1800 ita
1007 1753 1135 1800 enim
1177 1767 1297 1801 sane
1337 1768 1569 1815 magnum
1611 1752 1655 1802 ei
1695 1753 1877 1802 actioni
1915 1754 2137 1816 vigorem
2176 1753 2364 1802 tribuit:

487 1852 772 1900 quanquam
823 1837 891 1886 ita
941 1853 1142 1901 quoque
1194 1854 1254 1886 ea
1303 1853 1485 1887 scaena
1537 1838 1744 1900 cogitari
1796 1838 1962 1901 possit,
2014 1843 2070 1888 ut
2118 1839 2259 1888 liberi
2314 1839 2362 1888 in

487 1921 633 1971 domo
681 1927 997 1972 remanentes
1044 1929 1492 1973 commemorentur
1531 1924 1691 1988 mode,
1741 1925 1939 1987 qualem
1979 1924 2192 1973 fortasse
2229 1939 2364 1973 scae-

487 2023 599 2057 nam
639 2009 960 2072 Phrynichus
1010 2007 1059 2057 in
1111 2024 1202 2058 sua
1239 2009 1497 2058 Alcestide
1535 2009 1717 2074 finxit,¹
1750 2009 1994 2073 siquidem
2044 2013 2147 2059 tum
2197 2010 2366 2074 pueris

486 2093 535 2141 in
564 2108 746 2142 scaena
784 2093 1004 2142 nondum
1043 2098 1151 2143 erat
1189 2094 1341 2143 locus.
1417 2095 1679 2144 Contraria
1718 2094 1926 2144 fortasse
1963 2094 2059 2144 fuit
2095 2110 2364 2159 puerorum

484 2179 534 2227 in
563 2180 898 2244 Hippolyto
938 2196 966 2228 a
1004 2179 1104 2228 vis:
1143 2196 1256 2228 nam
1298 2183 1354 2229 ut
1392 2181 1461 2228 illi
1503 2180 1565 2228 ad
1605 2180 1770 2244 fidem,
1806 2181 1875 2229 ita
1913 2182 1961 2229 hi
2001 2181 2063 2230 ad
2103 2180 2363 2245 perfidiam

489 2265 657 2314 matris
723 2266 1199 2328 repraesentandam
1254 2267 1459 2315 adhibiti
1526 2271 1655 2315 suut.
1743 2266 1840 2328 Qui
1892 2282 2000 2315 cum
2055 2267 2117 2315 ad
2168 2266 2364 2315 fabulae

487 2366 806 2414 progressum
861 2352 978 2400 novi
1016 2352 1098 2400 vix
1149 2353 1416 2415 quicquam
1460 2354 1711 2417 afferrent,
1763 2357 1927 2402 tamen
1968 2368 2137 2402 eorum
2179 2353 2364 2401 auxilio

486 2439 635 2500 poeta
687 2451 808 2484 sane
854 2436 1037 2485 vividis
1089 2437 1334 2486 coloribus
1387 2438 1550 2500 potuit
1600 2438 1862 2500 imaginem
1902 2451 2039 2486 suam
2078 2437 2366 2501 depingere.

486 2523 715 2585 Denique
742 2538 831 2571 cur
857 2521 1210 2586 Supplicum
1253 2538 1457 2585 pueros,
1497 2524 1582 2587 qui
1622 2523 1716 2572 nisi
1754 2524 2164 2585 lamentarentur,
2192 2524 2251 2571 >in
2291 2522 2361 2570 fa-

486 2608 632 2657 bulae
661 2623 855 2656 conexu
895 2607 1003 2656 fere
1031 2609 1392 2671 supervacanei
1423 2609 1728 2671 viderentur,
1769 2612 1917 2673 poeta
1956 2608 2223 2667 induxerit,
2262 2612 2364 2657 tum

487 2695 635 2755 plane
673 2693 1037 2758 intellegemus,
1075 2710 1187 2742 cum
1228 2694 1428 2743 fabulae
1468 2710 1639 2742 veram
1681 2694 1922 2743 rationem
1962 2700 2112 2757 atque
2152 2693 2363 2743 indolem

486 2779 911 2843 perspexerimus;
967 2780 1158 2829 scilicet
1196 2780 1481 2845 EuripideS,
1534 2784 1589 2829 ut
1639 2781 1839 2829 omuino
1891 2796 1997 2829 eam
2050 2780 2262 2829 fabulam
2301 2779 2365 2827 ad

488 2864 932 2913 commendandum
984 2864 1161 2914 foedus
1201 2865 1503 2928 Argivorum
1554 2869 1705 2929 atque
1757 2866 1924 2914 hostes
1974 2865 2365 2923 Atheniensium,

488 2965 554 2998 sc.
593 2950 875 3010 Thebanos,
926 2951 1246 3015 castigandos
1299 2951 1597 3015 composuit,
1648 2952 1718 3000 ita
1767 2952 1934 3013 pueris
1985 2966 2185 3014 quoque
2235 2951 2366 2999 calli·
2431 2935 2436 2940 ⁴

489 3036 686 3084 dissime
726 3051 845 3085 usus
882 3040 960 3085 'est
998 3037 1060 3085 ad
1087 3037 1374 3086 Thebarum
1415 3038 1618 3086 exitium
1660 3036 2036 3099 designandum.
2076 3061 2145 3069 —
2184 3037 2284 3084 Iam
2324 3036 2365 3084 si

488 3121 860 3184 Sophocleas
902 3122 1097 3171 fabulas
1126 3123 1536 3186 contemplamur,
1577 3123 1945 3184 Eurysacem
1983 3122 2208 3170 videmus
2247 3136 2365 3170 sane

490 3209 595 3255 fere
625 3208 745 3256 nihil
770 3209 949 3257 afferre
976 3209 1036 3256 ad
1066 3208 1266 3258 fabulae
1289 3220 1633 3273 progressum;
1661 3212 1822 3256 tamen
1853 3208 2055 3270 egregia
2081 3210 2258 3270 poetae
2285 3222 2366 3256 ars

491 3294 538 3341 in
568 3309 626 3340 eo
655 3294 892 3357 cernitur,
931 3295 1062 3356 quod
1091 3294 1183 3342 hac
1221 3310 1319 3343 una
1357 3293 1501 3358 pueri
1540 3292 1826 3357 praesentia
1866 3293 2044 3356 effecit,
2083 3297 2137 3342 ut
2162 3293 2364 3341 Aiacem

490 3394 588 3426 non
630 3378 786 3426 solum
841 3382 896 3427 ut
933 3380 1093 3428 virum
1133 3379 1308 3428 fortem
1350 3379 1525 3428 durum
1566 3382 1776 3441 trucem,
1828 3379 1915 3426 sed
1968 3378 2112 3427 etiam
2154 3378 2366 3426 humane

488 3465 782 3512 sentientem
835 3464 1146 3528 depingeret,
1199 3466 1367 3528 itaque
1418 3465 1466 3513 id
1519 3468 1899 3528 assequeretur,
1949 3467 2004 3511 ut
2052 3464 2135 3512 ille
2186 3463 2365 3512 acerbe

490 3549 682 3612 patiens
712 3550 857 3597 heros
885 3554 1082 3598 nostros
1110 3566 1310 3613 quoque
1338 3550 1526 3599 animos
1553 3553 1788 3598 moveret.
1862 3549 1995 3597 Scite
2033 3549 2162 3597 enim
2198 3562 2363 3596 coram

490 3649 646 3697 puero
696 3637 887 3683 tantum
942 3650 1051 3683 eum
1106 3635 1305 3684 intimas
1355 3634 1504 3684 animi
1555 3635 1881 3697 cogitationes
1920 3633 2177 3683 effundere
2213 3633 2369 3696 iussit,
