2548 4218
2035 262 2136 309 275

272 407 514 471 histrioni,
551 406 637 469 qui
676 408 851 469 postea
877 405 1078 454 Peleum
1108 405 1215 453 erat
1239 405 1458 463 acturus,
1495 401 1678 451 tribuit.
1733 397 2138 457 Lachmannus1)

271 497 321 542 et
359 493 415 543 O.
442 488 769 554 Muellerus,2)
822 491 1043 539 Pollucis
1084 489 1300 553 quodam
1339 489 1447 537 loco
1488 488 1590 536 nixi
1629 485 1731 551 (lv,
1761 489 1859 536 109
1882 483 1987 548 sq.),
2040 500 2139 548 quo

270 577 351 626 ille
412 575 531 639 quid
592 567 983 639 παρασκήνιον
1034 575 1096 623 sit
1148 574 1371 636 exponit,
1428 572 1672 636 putabant
1727 564 1995 620 choreutas
2049 585 2140 632 pro

270 661 440 726 pueris
487 665 602 725 post
645 676 874 709 scaenam
923 659 1178 723 cecinisse,
1231 674 1337 708 cum
1378 658 1520 721 pueri
1556 657 1648 720 ipsi
1687 659 1880 719 gestum
1919 658 2143 719 agerent.

271 746 368 797 Sed
418 747 500 795 ille
550 746 689 795 locus
741 749 818 795 est
855 746 997 794 nimis
1036 745 1302 806 obscurus,
1353 744 1420 791 ita
1459 746 1514 791 ut
1553 746 1689 792 certa
1727 758 1786 791 ex
1825 757 1883 790 eo
1924 740 2140 789 derivari

272 834 540 895 nequeant.
573 856 640 863 -
679 831 874 879 Primus
912 827 1179 893 Beerius,3)
1219 833 1455 892 quantum
1497 827 1654 889 vide0,
1693 827 1932 876 acerrime
1972 825 2144 874 statuit

271 931 452 979 pueros
507 931 656 965 veros
714 918 762 964 et
817 916 866 964 in
922 913 1181 977 tragoedia
1239 918 1289 962 et
1337 914 1386 961 in
1438 911 1694 962 comoedia
1750 914 1798 960 et
1837 913 2043 974 agentes
2095 913 2144 958 et

273 1002 534 1064 loquentes
590 1004 640 1050 et
697 1003 933 1051 canentes
978 999 1236 1063 prodiisse.
1310 999 1539 1061 Namque
1579 1013 1687 1047 cum
1737 997 1960 1046 homines
2011 994 2144 1044 docti

272 1103 364 1151 pro
403 1087 462 1135 iis
501 1090 690 1135 tantum
731 1086 912 1149 pueris,
951 1084 1128 1148 quibus
1168 1087 1365 1133 cantum
1400 1086 1549 1147 poeta
1587 1083 1771 1146 tribuit,
1808 1082 2003 1130 adultos
2032 1081 2144 1129 sub-

273 1173 479 1221 stituere
508 1172 672 1221 conati
695 1172 806 1230 sint,
833 1175 967 1220 recte
989 1170 1199 1219 Beerius
1222 1171 1441 1232 Vespas
1468 1169 1771 1231 potissimum
1797 1166 2145 1229 Aristophanis

274 1257 559 1307 adhibuisse
599 1258 716 1306 mihi
742 1256 957 1320 videtur,
994 1260 1046 1305 ut
1073 1270 1219 1304 veros
1246 1269 1429 1317 pueros
1457 1257 1505 1303 et
1531 1253 1775 1318 prodiisse
1804 1255 1852 1301 et
1878 1252 2144 1301 cecinissse

275 1342 657 1392 demonstraret.
714 1342 784 1391 lbi
825 1342 954 1390 enim
995 1340 1191 1390 eosdem
1232 1354 1417 1403 pueros
1453 1340 1572 1388 satis
1600 1339 1778 1387 breves
1805 1340 1853 1386 et
1877 1352 2144 1400 puerorum

273 1429 669 1492 praelucentium
722 1432 771 1477 et
820 1427 1179 1478 Carcinitarum
1230 1440 1470 1488 personas
1521 1424 1735 1488 gessisse
1787 1421 2014 1472 ostendit.
2090 1424 2145 1470 ln

275 1512 581 1563 comoedia
619 1528 803 1577 pueros
839 1513 974 1575 ipsos
1014 1512 1255 1561 cecinisse
1296 1514 1443 1573 atque
1483 1510 1719 1559 recitasse
1752 1508 2058 1571 potissimum
2086 1522 2146 1556 ex

274 1601 419 1663 Pace,
457 1598 506 1648 in
547 1615 644 1662 qua
682 1588 918 1647 Lamachi
957 1601 1005 1646 et
1032 1597 1288 1660 Cleonymi
1326 1596 1410 1644 filii
1451 1598 1637 1644 canunt
1674 1610 1944 1658 puerorum
1985 1593 2147 1652 modo,

274 1685 513 1748 sequitur.
595 1684 870 1746 Vesparum
929 1683 1135 1745 puerilis
1192 1682 1376 1731 chorus
1439 1685 1599 1730 autem
1660 1681 1880 1728 imitatur
1942 1679 2147 1728 chorum

275 1769 515 1833 puerilem
554 1768 855 1832 Euripideae
883 1768 1085 1823 Thesei;
1126 1769 1307 1830 itaque,
1348 1765 1580 1829 quoniam
1607 1765 1968 1828 Aristophanes
1998 1764 2146 1812 insul-

281 1870 389 1904 sum
430 1854 573 1914 illud,
615 1854 747 1918 quod
786 1869 962 1903 revera
998 1853 1128 1901 inest
1166 1854 1215 1900 in
1250 1852 1433 1901 talibus
1466 1866 1734 1914 puerorum
1763 1849 2147 1913 Euripideorum

279 1939 728 2004 lamentationibus,
765 1940 925 1988 voluit
950 1939 1129 1988 iocosis
1156 1938 1256 1987 suis
1282 1937 1636 1986 imitationibus
1663 1935 1931 1998 exagitare,
1958 1938 2147 1983 certum

277 2025 476 2075 videtur
516 2025 624 2088 pari
664 2024 808 2074 modo
848 2038 1035 2088 pueros
1071 2023 1121 2071 in
1161 2021 1423 2085 tragoedia
1461 2026 1613 2085 atque
1651 2022 1701 2069 in
1744 2019 1997 2070 comoedia
2037 2035 2148 2082 pro-

279 2110 442 2173 diisse,
482 2110 731 2174 cecinisse,
758 2109 911 2159 verba
937 2109 1131 2158 fecisse.
1183 2108 1421 2157 Similiter
1450 2107 1649 2171 saepius
1680 2107 1896 2156 comicus
1924 2105 2150 2153 instituta

281 2195 573 2260 tragoediae
612 2197 662 2244 in
688 2195 954 2245 ridiculum
986 2195 1145 2244 vertit.
1202 2194 1392 2257 Itaque,
1430 2192 1565 2256 quod
1591 2191 1733 2241 multi
1761 2191 1893 2240 docti
1923 2190 2148 2240 homines

278 2282 483 2332 credere
528 2298 628 2331 non
687 2282 791 2331 ausi
843 2283 974 2342 sunt,
1030 2295 1214 2343 pueros
1263 2280 1398 2342 ipsos
1448 2280 1498 2326 in
1546 2293 1727 2327 scaena
1766 2277 2021 2339 cecinisse,
2058 2291 2148 2339 pro

279 2374 413 2419 certo
453 2369 765 2431 accipiemus,
803 2366 939 2431 quod
978 2367 1153 2415 mirum
1193 2382 1293 2415 non
1333 2365 1545 2423 videtur,
1584 2363 1843 2426 siquidem,
1880 2361 2015 2425 quod
2055 2363 2150 2410 iam

278 2456 487 2504 Beerius
526 2454 731 2516 monuit,
777 2446 1000 2501 παίδων
1033 2446 1194 2516 χοροὶ
1233 2450 1444 2499 Athenis
1483 2454 1624 2498 erant
1663 2448 1979 2497 usitatissimi.
2053 2446 2150 2495 Sed

277 2556 377 2590 non
418 2539 632 2589 choros
659 2537 929 2602 puerorum
957 2538 1133 2601 solum,
1159 2537 1246 2586 sed
1275 2538 1419 2586 etiam
1448 2536 1724 2597 singulos
1752 2533 1988 2582 cecinisse
2015 2535 2153 2596 puto,

279 2627 513 2690 quoniam
564 2640 748 2688 pueros
800 2625 946 2673 etiam
997 2625 1045 2672 in
1099 2622 1342 2672 conviviis
1393 2621 1631 2670 cecinisse
1683 2636 1742 2669 ex
1793 2621 1925 2668 Pace
1962 2618 2152 2667 Aristo-

279 2713 459 2775 phanis
516 2711 762 2760 discimus.
836 2711 963 2759 Nam
1021 2709 1100 2758 hic
1158 2709 1461 2772 potissimum
1520 2707 1820 2755 Graecorum
1877 2703 2153 2767 singulares

281 2813 442 2847 mores
497 2795 795 2859 respiciendi
851 2800 987 2844 sunt:
1057 2795 1167 2844 dico
1224 2795 1432 2856 primum
1498 2793 1825 2841 formosorum
1882 2805 2150 2854 puerorum

281 2898 517 2941 amorem,
557 2881 642 2945 qui
681 2882 761 2930 vel
800 2884 991 2930 tantum
1032 2881 1251 2938 valebat,
1292 2884 1345 2928 ut
1383 2883 1603 2927 amantes
1643 2878 1892 2939 amatique
1931 2876 2059 2924 inter
2098 2890 2151 2923 se

281 2970 342 3018 de
380 2968 606 3018 omnibus
644 2967 910 3016 virtutibus
961 2970 1238 3030 certarent3
1294 2963 1475 3014 deinde
1522 2964 1699 3011 artium
1740 2962 2012 3011 liberalium
2054 2964 2152 3009 stu-

282 3054 431 3117 dium,
469 3053 602 3116 quod
640 3053 690 3101 in
732 3053 900 3115 pueris
939 3051 1213 3101 educandis
1250 3052 1374 3100 tanti
1414 3049 1644 3099 momenti
1682 3049 1837 3097 fuisse
1863 3047 2059 3109 scimus,
2099 3050 2153 3095 ut

282 3140 427 3189 etiam
468 3140 516 3187 in
556 3138 756 3187 musicis
783 3138 1135 3187 certaminibus
1162 3137 1306 3200 pueri
1333 3137 1381 3183 in
1411 3131 1659 3197 publicum
1687 3132 1957 3196 prodirent.
2009 3133 2149 3192 Quae

280 3227 320 3275 si
360 3225 779 3288 reputaverimuS,
829 3239 950 3273 sane
996 3222 1229 3272 credibile
1275 3221 1527 3270 videbitur
1576 3235 1756 3282 pueros
1795 3219 1842 3267 in
1882 3217 2153 3281 tragoediis

426 3435 460 3491 ¹›)
489 3433 559 3478 De
590 3445 804 3477 mensura
833 3435 948 3488 trag.
980 3445 1024 3487 p.
1043 3434 1082 3474 3.

426 3506 462 3562 2)
494 3505 612 3549 Hist.
635 3504 721 3548 litt.
745 3504 903 3549 Graec.
924 3503 987 3558 1⁴,
1018 3516 1063 3558 p.
1082 3505 1178 3558 593,
1208 3515 1251 3545 n.
1270 3504 1308 3544 2.

426 3576 463 3632 ³)
493 3574 646 3620 Ueber
677 3574 751 3619 dic
783 3573 891 3620 Zahl
921 3573 1003 3618 der
1035 3571 1352 3628 Schauspieler
1382 3570 1458 3615 bei
1486 3569 1838 3626 Aristophanes,
1868 3582 1912 3625 p.
1931 3573 1984 3613 46
2002 3581 2102 3625 sqq.
