2548 4218
600 867 702 914 Iam
756 867 963 916 materia
1014 867 1226 916 collecta
1270 870 1319 916 et
1369 867 1649 917 examinata
1699 869 2014 931 quaestiones
2063 870 2331 919 nonnullae

456 951 731 1000 solvendae
770 954 902 1010 sunt,
941 967 1082 1015 quas,
1120 952 1310 1002 simodo
1336 953 1533 1016 longius
1559 953 1793 1017 progredi
1826 955 2072 1018 volumuS,
2109 958 2331 1019 praeter-

457 1037 529 1085 ire
567 1052 667 1086 non
705 1051 985 1099 possumus.

598 1121 818 1170 Primum
857 1122 997 1171 cuius
1037 1122 1215 1170 aetatis
1241 1121 1427 1171 fuerint
1451 1122 1483 1171 ii
1512 1123 1669 1186 pueri,
1707 1125 1791 1187 qui
1819 1139 1997 1173 revera
2023 1125 2071 1173 in
2100 1140 2330 1174 scaenam

455 1206 740 1270 prodibant,
793 1206 971 1256 deinde
1018 1210 1183 1256 utrum
1231 1208 1326 1271 ipsi
1364 1208 1414 1256 in
1452 1222 1636 1257 scaena
1674 1209 1828 1258 verba
1865 1209 2091 1269 fecerint,
2142 1211 2332 1260 cecine-

458 1292 570 1353 rint,
609 1307 673 1340 an
711 1291 871 1340 adulti
910 1307 1000 1355 pro
1039 1292 1114 1354 iis,
1153 1291 1524 1342 decernendum
1565 1296 1656 1343 est.

599 1378 675 1425 De
714 1380 913 1426 aetate
952 1393 1270 1440 puerorum
1309 1382 1577 1442 propterea
1614 1378 1774 1428 fusius
1812 1379 2067 1442 disputare
2106 1395 2331 1430 necessa·

455 1461 583 1509 rium
634 1462 751 1510 mihi
800 1460 1014 1526 videtur,
1069 1463 1183 1525 quia
1228 1462 1453 1511 homines
1493 1462 1664 1512 doctos
1702 1466 1752 1512 in
1790 1464 1883 1512 hac
1920 1479 1974 1513 re
2013 1479 2330 1528 nequaquam

459 1547 742 1595 consentire
769 1546 932 1596 video,
982 1547 1198 1596 Primum
1226 1552 1355 1610 sunt,
1394 1549 1479 1611 qui
1506 1564 1684 1598 revera
1718 1565 1958 1613 pueros,
1995 1565 2095 1598 non
2122 1550 2333 1611 adultos,

455 1631 702 1694 prodiisse
740 1647 840 1681 non
881 1632 1103 1692 credant,
1143 1633 1227 1682 sed
1269 1633 1674 1683 adulescentulos
1702 1650 1790 1698 pro
1817 1623 2012 1684 iis'esse
2039 1635 2333 1685 substitutos

455 1718 774 1782 arbitrentur,
801 1719 869 1766 ita
893 1721 950 1767 ut
974 1719 1057 1766 vel
1086 1734 1115 1766 a
1141 1718 1394 1768 choreutis
1421 1719 1499 1768 vel
1527 1719 1586 1768 ab
1614 1720 1933 1769 histrionibus
1961 1736 2131 1769 eorum
2161 1723 2331 1783 partes

457 1805 595 1851 actas
633 1817 744 1851 esse
781 1806 972 1866 putent.
1034 1804 1164 1853 Nam
1203 1804 1418 1853 inhaesit
1455 1806 1504 1854 in
1530 1806 1752 1854 virorum
1795 1805 2053 1855 doctorum
2088 1805 2332 1855 mentibus

455 1888 657 1951 quidam
696 1890 857 1951 timor,
897 1904 959 1937 ne
997 1889 1142 1938 nimis
1181 1890 1385 1938 multum
1416 1891 1585 1952 pueris
1613 1891 1946 1955 imponerent,
1983 1892 2053 1940 ita
2080 1895 2328 1941 uteorum

455 1976 626 2037 partes
676 1989 823 2037 quam
875 1975 1084 2023 maxime
1137 1975 1492 2025 circumcidere
1540 1980 1855 2036 conarentur,
1913 1977 2100 2026 scilicet
2136 1979 2332 2026 veteres

457 2059 658 2108 omnino
715 2060 882 2122 parcis
934 2059 1164 2109 subsidiis
1219 2061 1268 2109 in
1326 2061 1646 2110 exstruendis
1697 2063 2000 2125 spectaculis
2051 2077 2169 2111 usos
2222 2076 2332 2111 esse

457 2144 695 2193 arbitrati.
772 2146 950 2208 Itaque
989 2145 1045 2194 G.
1072 2146 1410 2195 Hermannum
1461 2162 1551 2210 pro
1590 2148 1868 2210 Vesparum
1914 2147 2082 2210 pueris
2119 2147 2331 2196 vidimus

458 2230 726 2280 choreutas
765 2231 1061 2280 substituere
1089 2229 1156 2294 (p.
1179 2230 1317 2291 237).
1374 2234 1608 2283 Similiter
1660 2234 1885 2283 nonnulli
1926 2234 2182 2282 Eumelum
2220 2250 2266 2296 q.
2285 2249 2331 2282 V.

455 2315 830 2365 adulescentem
869 2317 1232 2380 putaveruntfl)
1289 2317 1473 2368 Contra
1500 2318 1556 2368 O.
1585 2312 1926 2384 Muellerum2)
1966 2318 2114 2368 video
2148 2333 2331 2381 pueros

454 2401 590 2449 illum
650 2402 851 2465 quidem
911 2402 1190 2464 admittere,
1247 2407 1410 2453 tamen
1464 2405 1505 2453 is
1555 2421 1757 2468 quoque
1810 2404 2161 2468 parsimoniam
2201 2421 2359 2454 com--

456 2487 675 2551 mendat,
728 2504 837 2537 cum
887 2489 937 2537 in
977 2489 1387 2539 Acharnensibus
1425 2491 1799 2554 Dicaeopolidis
1849 2491 2024 2541 filiolas
2069 2492 2332 2541 simulacra

453 2572 608 2622 fuisse
660 2578 883 2637 censeat,
931 2575 1150 2638 Trygaei
1202 2576 1253 2624 in
1291 2577 1424 2625 Pace
1474 2577 1666 2639 puellas
1705 2577 1906 2627 omnino
1946 2594 2007 2626 ex
2046 2577 2191 2627 domo
2229 2595 2329 2628 non

454 2659 698 2721 prodiisse
736 2659 1017 2719 arbitretur,
1058 2661 1138 2709 cui
1178 2662 1449 2710 assentitur
1475 2662 1526 2712 O.
1554 2663 1608 2711 F.
1633 2658 2012 2728 He1·mannus.3)
2068 2665 2171 2712 Iam
2210 2679 2330 2713 vero

454 2744 638 2793 verba
688 2745 912 2795 fecisse
963 2761 1146 2807 pueros
1195 2747 1333 2810 ipsos
1383 2747 1432 2795 in
1483 2748 1722 2797 immensa
1772 2749 1952 2798 theatri
2001 2765 2156 2798 cavea
2194 2749 2330 2798 credi

455 2845 554 2878 non
594 2846 742 2893 posse
781 2831 921 2880 multi
961 2832 1187 2881 homines
1226 2832 1359 2881 docti
1405 2833 1495 2882 sibi
1535 2837 1910 2896 persuaserunt.
1983 2835 2084 2883 Iam
2124 2834 2180 2884 G.
2207 2836 2329 2884 Her·

455 2913 716 2975 mannus4)
778 2917 978 2967 Molossi
1043 2917 1128 2980 qui
1186 2922 1395 2967 vocatur
1459 2919 1509 2966 in
1575 2920 1692 2967 Eur.
1746 2919 1982 2969 Androm.
2031 2924 2226 2969 cantum
2285 2922 2330 2969 ei

598 3068 633 3124 1)
664 3068 706 3112 J.
728 3068 928 3125 Richter,
974 3069 1047 3114 die
1079 3069 1353 3126 Verteilung
1393 3070 1476 3115 der
1514 3070 1682 3115 Rollen
1726 3074 1826 3127 etc„
1871 3071 1991 3116 Berl.
2027 3074 2147 3127 1842,
2193 3086 2237 3128 p.
2262 3076 2328 3117 75.

453 3139 570 3183 Item
601 3139 1031 3185 C.F.Hermannus
1074 3140 1152 3198 (de
1194 3141 1519 3186 distributione
1557 3155 1854 3197 personarum
1887 3147 1988 3199 etc,
2027 3143 2168 3199 Marp.
2205 3147 2327 3199 1840,

453 3224 497 3267 p.
516 3210 601 3267 49),
632 3210 838 3267 legitimo
871 3211 1078 3256 histrioni
1107 3212 1327 3257 adscribit
1347 3212 1527 3258 Eumeli
1556 3216 1724 3269 partes.
1766 3213 2011 3258 Richterus
2043 3214 2178 3259 etiam
2198 3219 2329 3271 pueri

454 3281 587 3338 illius,
634 3295 770 3338 quem
811 3296 950 3327 unum
991 3283 1038 3327 in
1069 3283 1227 3340 Suppl.
1259 3283 1483 3329 cecinisse
1520 3287 1665 3341 putat,
1711 3289 1867 3341 partes
1899 3298 1925 3329 a
1955 3285 2329 3343 deuteragonista

455 3356 697 3409 susceptas
729 3366 833 3398 6886
865 3357 1040 3410 censet,
1071 3354 1098 3399 l.
1121 3368 1159 3398 c.
1189 3368 1235 3411 p.
1254 3358 1321 3399 89.

596 3425 634 3482 ²)
666 3425 786 3469 Hist.
807 3426 914 3470 Litt.
937 3425 1096 3471 Graec.
1117 3425 1202 3483 11⁴,
1232 3440 1277 3482 p.
1298 3430 1363 3482 13,
1394 3440 1438 3471 n.
1457 3429 1495 3470 2.

600 3496 637 3554 3)
667 3496 738 3541 De
770 3496 1093 3542 distributione
1126 3501 1228 3554 etc„
1258 3510 1303 3553 p.
1323 3493 1467 3555 39‚'et
1496 3497 1615 3543 Berl.
1635 3497 1791 3543 Jahrb.
1818 3502 1936 3554 1843,
1968 3512 2011 3555 p.
2031 3503 2127 3544 408.

601 3567 637 3625 4)
668 3566 814 3613 Praef.
846 3567 905 3611 ad
935 3568 1152 3613 Androm.
1182 3582 1228 3626 p.
1250 3568 1330 3614 XI.
