2548 4218
2045 284 2146 331 233

280 426 341 474 ad
393 440 563 474 omnes
612 427 794 473 matres
843 424 1080 487 pertinet,
1130 425 1199 472 ita
1248 427 1302 472 ut
1339 423 1566 472 omnibus
1604 424 1773 486 pueris
1812 424 1996 486 optime
2036 439 2148 472 con·
2211 470 2214 472 ,

281 512 460 559 veniat.
524 511 602 559 Sic
643 510 803 568 etiam,
843 512 898 557 ut
937 510 1030 557 hoc
1069 509 1264 572 addam,
1301 509 1538 557 habemus
1577 523 1806 557 scaenam
1848 510 2001 558 multo
2029 509 2148 557 vivi-

282 596 482 653 diorem,
521 595 922 657 splendidiorem,
959 610 1101 657 quam
1132 596 1171 643 si
1198 595 1380 656 singuli
1406 610 1515 642 cum
1545 595 1754 656 singulis
1781 595 2151 657 colloquuntur.

281 680 488 730 Accedit
525 680 657 743 quod
696 676 917 728 παίδων
952 675 1113 744 χοροί
1149 680 1358 729 Athenis
1396 684 1538 728 erant
1575 680 1893 742 usitatissimi,
1930 685 1984 728 ut
2012 682 2149 728 Euri-

281 766 444 830 pidem
499 781 583 814 eos
634 761 785 827 (sicut
837 766 978 814 etiam
1035 767 1082 814 in
1122 766 1340 824 Theseo)
1390 765 1661 827 tragoediis
1710 767 1814 814 suis
1865 765 2150 813 adhibuisse

279 867 377 900 non
418 852 481 899 sit
519 851 809 899 mirandum.
873 852 1033 898 Etiam
1077 852 1242 913 ceteri,
1281 866 1402 913 quos
1439 851 1683 913 novimus,
1722 851 1860 899 chori
1887 850 2152 899 adventicii

279 952 378 984 uno
436 951 520 984 ore
577 937 828 984 coniuncti
886 937 1123 985 cecinisse
1174 936 1430 986 videntur:
1486 931 1822 999 προπομποί
1871 937 1919 984 in
1973 937 2152 984 Aesch.

283 1023 434 1080 Eum„
473 1023 606 1070 servi
645 1023 694 1069 in
734 1023 850 1070 Eur.
876 1023 1043 1085 Hipp„
1081 1023 1261 1070 milites
1300 1023 1349 1070 in
1385 1022 1680 1080 Erechtheo,
1695 1021 1732 1080 1)
1771 1022 1988 1085 virgines
2027 1038 2151 1085 nup·

281 1108 423 1156 tiales
461 1108 511 1155 in
539 1106 918 1166 Phaethonte.²)
959 1133 1023 1139 —-
1064 1109 1167 1156 Iam
1206 1107 1477 1169 videamus,
1517 1107 1636 1169 quid
1677 1108 1724 1155 in
1753 1122 1935 1156 scaena
1962 1110 2153 1171 agatur.

283 1193 337 1239 V.
369 1195 524 1242 1160:
563 1179 684 1256 φέρ’
717 1178 856 1255 ἀμφὶ
879 1180 1095 1255 μαστόν
1121 1181 1398 1251 ὑποβάλω
1426 1181 1642 1239 σποδόν
1668 1192 1933 1255 indicatur,
1970 1207 2153 1256 pueros

284 1277 523 1326 matribus
574 1277 840 1339 amphoras
891 1277 1118 1340 tradere,
1169 1292 1235 1325 sc.
1285 1278 1515 1340 singulae
1567 1280 1747 1325 matres
1797 1277 2018 1339 singulas
2058 1293 2153 1324 am-

282 1364 467 1427 phoras
493 1363 764 1426 accipiunt,
796 1379 858 1411 ne
884 1364 984 1411 ulla
1010 1367 1165 1411 mater
1191 1362 1276 1411 filii
1304 1363 1525 1424 reliquiis
1553 1366 1732 1411 careat.
1795 1362 2153 1412 Constituimus

281 1449 411 1497 enim
462 1453 645 1497 matres
695 1465 724 1496 a
777 1449 1140 1510 spectatoribus
1187 1448 1313 1497 bene
1353 1463 1501 1511 posse
1540 1447 1782 1510 dignosci,
1834 1452 1883 1497 et
1921 1449 2151 1511 quoniam

283 1549 454 1583 omnes
493 1549 676 1595 pueros
715 1535 860 1583 simul
901 1549 1080 1583 canere
1115 1539 1164 1583 et
1190 1549 1339 1596 agere
1366 1534 1828 1596 demonstravimuS,
1868 1534 2003 1582 dubii
2031 1535 2153 1582 nihil

283 1621 603 1683 relinquitur,
654 1621 769 1682 quin
818 1636 875 1668 ea
924 1636 1123 1683 quoque
1173 1619 1300 1668 actio
1352 1620 1414 1668 ad
1456 1635 1625 1669 omnes
1665 1623 1845 1669 matres
1883 1635 2154 1683 omnesque

281 1720 467 1768 pueros
508 1706 770 1768 pertineat.
845 1705 967 1754 Inde
1006 1706 1270 1754 clarissime
1311 1706 1519 1768 primum
1561 1705 1655 1754 1100
1694 1710 1931 1769 apparet:
1983 1722 2152 1769 parem

282 1793 513 1851 matrum,
563 1805 856 1852 puerorum,
907 1790 1255 1853 amphorarum
1311 1806 1569 1839 numerum
1610 1791 1788 1853 fuisse3
1843 1807 1953 1839 cum
1993 1795 2152 1840 autem

280 1876 329 1924 in
381 1891 563 1924 scaena
613 1876 781 1938 paullo
835 1879 948 1924 ante
999 1877 1260 1939 quinque
1314 1880 1505 1925 tantum
1547 1892 1760 1940 corpora
1799 1877 2032 1925 affuerint
2071 1876 2154 1936 (cf.

280 1978 327 2010 v.
355 1965 456 2012 925
480 1959 631 2025 sqq.),
680 1978 772 2024 ego
823 1963 1038 2011 animum
1078 1962 1316 2011 inducere
1360 1978 1455 2011 non
1497 1977 1720 2026 possum,
1773 1966 1826 2011 ut
1863 1963 2154 2027 Euripidem

281 2047 425 2096 simili
465 2047 543 2096 vel
582 2047 740 2095 dicam
783 2049 993 2111 maiore,
1031 2053 1181 2112 atque
1221 2064 1364 2112 quam
1406 2064 1557 2112 supra
1596 2049 1948 2112 demonstravi,
1986 2050 2154 2112 negle-

281 2132 450 2196 gentia
503 2133 820 2182 nihilominus
870 2137 1097 2196 septem
1151 2137 1356 2195 matreS,
1407 2138 1628 2197 septem
1671 2150 1877 2197 pueros,
1928 2138 2152 2198 septem

281 2218 548 2281 amphoras
598 2217 801 2267 finxisse
851 2217 1062 2267 credam.
1138 2219 1259 2267 Illae
1298 2219 1427 2267 enim
1465 2219 1611 2282 aliae,
1662 2235 1787 2282 quas
1828 2221 2153 2283 cognovimus

283 2302 649 2367 discrepantiae
704 2305 806 2352 sive
859 2305 999 2363 vitia,
1050 2304 1170 2353 talia
1220 2308 1384 2367 erant,
1438 2308 1492 2353 ut
1543 2305 1682 2354 facile
1721 2321 1750 2353 a
1789 2307 2153 2368 spectatoribus

282 2393 488 2452 possent
526 2405 626 2439 000
666 2390 942 2453 observari,
991 2391 1087 2439 hoc
1125 2407 1244 2440 vero
1284 2392 1426 2439 nimis
1467 2392 1634 2440 oculos
1675 2391 1957 2451 offenderit,
1996 2393 2064 2442 ita
2100 2396 2154 2442 ut

283 2474 635 2534 Athenienses,
687 2478 742 2523 ut
793 2479 938 2524 erant
987 2490 1127 2524 acres
1178 2476 1297 2524 artis
1335 2475 1548 2539 iudices,
1601 2476 1649 2524 id
1689 2477 1937 2540 patienter
1975 2477 2154 2526 tolera-

282 2566 423 2610 turos
471 2560 624 2609 fuisse
675 2577 774 2610 non
826 2545 1007 2624 putem.
1082 2562 1363 2610 Statuamus
1413 2561 1585 2624 igitur,
1636 2563 1900 2625 quinque
1952 2569 2147 2622 matreS,

284 2649 543 2710 quinque
594 2662 776 2710 pueros
827 2648 876 2695 in
932 2662 1113 2696 scaena
1165 2648 1339 2696 fuisse:
1391 2649 1482 2695 iam
1532 2648 1626 2696 hoc
1664 2648 1929 2698 Arnoldtio
1970 2648 2037 2711 (p.
2066 2648 2152 2709 75)

285 2732 639 2797 concedemus,
689 2733 757 2780 sic
808 2733 962 2782 multo
1011 2733 1205 2782 facilius
1255 2733 1389 2782 chori
1441 2749 1697 2782 numerum
1748 2737 1898 2797 atque
1947 2734 2152 2784 formam

284 2819 547 2881 legitimam
606 2817 749 2867 effici.
842 2819 892 2868 Si
951 2820 1078 2868 enim
1137 2820 1278 2868 binas
1335 2820 1542 2881 singulis
1600 2821 1836 2868 matribus
1891 2821 2154 2869 tribuimus

283 2903 492 2952 famulas
532 2903 803 2952 secundum
845 2904 989 2952 illud:
1030 2891 1138 2968 ἅμα
1177 2891 1225 2952 δ’
1252 2896 1565 2967 α’μφίπολοι
1593 2891 1675 2952 δύ’
1702 2895 1926 2964 ἕποντο,
1966 2907 2154 2969 primus

285 2989 517 3038 stoechus
554 2989 805 3051 aptissime
846 2989 1082 3038 matribus
1121 2990 1281 3052 datur,
1320 2990 1470 3038 ceteri
1512 2990 1804 3038 famulabus.

427 3074 526 3122 Iam
570 3068 794 3123 Herculis
843 3078 945 3123 tres
982 3090 1166 3137 pueros
1204 3076 1412 3139 propius
1452 3075 1857 3138 contemplemur.
1930 3077 1994 3124 Hi
2034 3093 2154 3139 quo·

287 3173 383 3219 que
433 3159 551 3207 muti
602 3158 652 3206 in
703 3173 906 3221 scaena,
959 3160 1182 3222 quamvis
1232 3160 1446 3208 infantes
1484 3160 1723 3207 sermonis
1763 3175 1860 3208 non
1903 3163 2155 3223 compotes

286 3259 384 3291 non
441 3243 538 3292 sint
592 3245 863 3307 cogitandi3
924 3261 1134 3307 namque
1194 3245 1346 3293 verba
1397 3260 1565 3293 eorum
1619 3246 1918 3308 afferuntur,
1975 3245 2153 3308 quibus

288 3331 488 3376 matrem
541 3329 602 3376 de
650 3330 808 3391 patris
859 3330 1081 3378 absentia
1131 3327 1555 3393 interrogaverint
1605 3328 1694 3390 (74
1723 3333 1866 3393 sqq.).
1940 3330 2152 3379 Similem

431 3522 465 3578 1)
496 3521 567 3565 Fr.
591 3525 692 3577 3693
724 3521 780 3567 cf.
812 3522 989 3567 Wilam.
1011 3523 1099 3568 An.
1121 3523 1229 3567 Eur.
1261 3536 1304 3578 p.
1333 3526 1424 3565 174.

431 3592 465 3651 2)
495 3592 566 3636 Fr.
590 3595 684 3649 781,
709 3596 759 3637 14
776 3607 898 3650 sqq.;
930 3593 984 3639 cf.
1017 3593 1195 3639 Wilam.
1219 3594 1371 3638 Herm.
1394 3592 1565 3649 XVIII,
1587 3596 1668 3637 409
1687 3606 1754 3650 sq.
