2548 4218
433 277 534 325 248

432 417 632 465 (litatem
671 416 719 465 in
750 431 907 465 uxore
936 419 984 465 et
1010 414 1164 465 fratre
1204 415 1443 479 expleret,
1482 416 1529 464 in
1570 432 1629 465 ea
1666 416 1840 466 fabula
1878 431 2165 480 expressum
2194 429 2301 464 esse

434 503 686 565 videatur,
736 503 812 551 cui
869 501 1127 563 cupiditati
1181 517 1239 549 eo
1278 517 1436 564 usque
1475 501 1782 563 indulgeret,
1822 501 1981 550 donec
2020 501 2158 550 solus
2198 500 2302 549 fere

431 605 491 637 ex
532 591 636 637 tota
674 591 821 650 gente
858 587 1245 650 relinqueretur,
1281 589 1356 635 tot
1392 587 1645 649 tantisque
1679 587 1955 635 sceleribus
1987 590 2210 646 onustus,
2249 589 2302 633 ut

431 674 511 721 vel
549 672 627 721 dei
666 672 881 721 taedium
922 687 1061 720 suum
1103 677 1273 735 aperte
1312 671 1648 730 ostenderent,
1687 672 1794 735 ipse
1833 687 1980 734 vero,
2019 676 2074 719 ut
2109 671 2304 733 opinor,

431 759 666 808 miraculo
689 759 772 806 illo
796 759 1107 821 perterritus,
1132 758 1180 806 in
1209 773 1446 806 summam
1474 773 1640 806 rerum
1668 762 1922 820 gestarum
1951 757 2301 820 paenitentiam

432 843 730 893 concideret.
785 869 852 876 —
906 845 963 892 In
1021 843 1332 905 „Thyestis“,
1397 859 1605 906 quarum
1658 843 1862 892 alterius
1910 844 2039 892 actio
2091 843 2304 906 Sicyone

431 930 609 993 fiebat,
681 928 956 992 Sophocles
1018 944 1225 991 prorsus
1289 929 1384 977 alia
1446 933 1742 992 argumenta
1803 927 2102 988 tractavit‚¹)
2175 942 2303 991 quae

432 1017 662 1079 Hyginus
720 1015 819 1063 fab.
858 1015 1164 1063 LXXXVIII
1218 1030 1456 1063 enarrare
1495 1014 1721 1073 videtur3
1779 1019 2045 1078 propterea
2101 1028 2303 1076 quoque

430 1102 658 1165 suspicor
708 1117 812 1150 eum
864 1096 1006 1163 prius
1054 1100 1176 1149 illud
1230 1100 1290 1148 de
1342 1100 1531 1150 discidii
1582 1101 1719 1149 initio
1759 1104 2132 1163 argumentum,
2169 1098 2303 1161 quod

430 1187 480 1236 in
516 1188 678 1250 capite
704 1186 907 1235 fabulae
937 1187 1115 1249 posuit,
1143 1186 1428 1235 brevissime
1454 1190 1643 1235 tantum
1672 1190 1894 1250 tangere,
1921 1187 2029 1234 scil.
2057 1189 2111 1234 ut
2137 1201 2304 1234 rerum

432 1288 675 1322 conexum
716 1275 1016 1335 exponeret3
1056 1276 1225 1320 cetera
1263 1271 1391 1320 enim
1433 1271 1555 1321 satis
1595 1271 1705 1320 fuse
1733 1275 1915 1320 narrat.
1960 1297 2024 1304 —
2067 1271 2306 1320 Brevitati

432 1359 729 1408 scholiastae
778 1358 1097 1407 tribuendum
1152 1357 1380 1420 videtur,
1429 1357 1565 1421 quod
1605 1374 1704 1407 non
1744 1360 1938 1415 narrat,
1977 1373 2075 1420 qua
2111 1357 2306 1406 ratione

431 1445 618 1494 Atreus
668 1445 928 1508 imperium
980 1444 1381 1507 recuperaverit;
1440 1459 1550 1492 cum
1597 1444 1723 1492 enim
1763 1444 1812 1492 in
1852 1442 2103 1506 primitiva
2138 1442 2306 1492 fabula

431 1531 527 1580 hoc
566 1531 728 1594 fuerit,
767 1546 879 1580 eum
919 1546 947 1578 a
974 1531 1090 1580 Iove
1124 1529 1248 1593 ipso,
1289 1530 1443 1579 solem
1471 1529 1671 1592 regredi
1697 1529 1914 1589 iubente,
1954 1531 2008 1577 ut
2032 1528 2304 1591 legitimum

430 1630 599 1680 regem
641 1617 954 1679 designatum
995 1631 1120 1675 6886,
1162 1617 1211 1664 in
1239 1616 1521 1679 Sophoclea
1559 1614 1742 1678 fabula,
1781 1616 1830 1663 in
1869 1630 1968 1677 qua
2005 1614 2130 1663 illud
2165 1614 2307 1662 mira-

432 1704 594 1752 culum
641 1703 997 1766 transpositum
1050 1706 1185 1765 erat,
1235 1717 1366 1751 nova
1410 1702 1539 1750 ratio
1580 1700 1869 1764 capessendi
1911 1701 2103 1762 imperii
2143 1700 2306 1763 requi-

431 1790 570 1838 ritur.
659 1789 717 1837 Id
769 1789 884 1837 mihi
936 1788 1242 1837 reiciendum
1295 1788 1524 1851 videtur,
1575 1787 1782 1836 eandem
1847 1802 1990 1850 quam
2042 1785 2307 1848 Euripides

431 1875 726 1939 Sophoclem
747 1875 990 1924 rationem
1013 1869 1318 1937 adhibuisse,
1345 1889 1522 1936 nempe
1551 1878 1605 1922 ut
1626 1875 1831 1922 Atreum
1861 1888 1948 1936 per
1975 1887 2113 1920 suam
2139 1887 2306 1921 rerum

433 1961 718 2011 caelestium
793 1962 1128 2024 cognitionem
1193 1976 1404 2023 regnum
1461 1959 1718 2022 adeptum·
1753 1974 1862 2007 esse
1917 1958 2139 2020 fingeret.
2233 1959 2310 2006 Ita

364 2086 367 2090 ⁴
434 2048 563 2096 enim
615 2047 741 2096 idem
797 2047 858 2097 de
909 2047 1026 2096 solis
1065 2062 1298 2109 regressu
1339 2049 1686 2108 argumentum
1726 2045 1800 2093 bis
1838 2044 1887 2092 in
1928 2044 2101 2093 eadem
2140 2043 2309 2092 fabula

433 2133 524 2182 sub
565 2133 773 2182 diversis
811 2132 982 2182 formis
1022 2133 1334 2182 occurrisset.
1410 2133 1564 2180 Immo
1605 2147 1662 2180 ea
1694 2131 1988 2189 testimonia,
2028 2130 2160 2178 unde
2186 2128 2308 2178 illud

434 2219 664 2268 concludi
705 2220 891 2283 possit,
940 2218 1002 2267 ad
1048 2218 1360 2282 „Thyestas“
1402 2217 1693 2267 referendas
1733 2231 1911 2266 censeo
1926 2253 1938 2279 ,
1977 2215 2071 2264 nisi
2110 2216 2308 2265 omnino

433 2305 695 2369 Sophoclis
746 2321 924 2355 nomen
979 2321 1069 2368 per
1120 2320 1339 2353 errorem
1392 2319 1483 2367 pro
1522 2302 1775 2366 Euripidis
1826 2302 2039 2365 positum
2092 2306 2190 2350 est:
2247 2299 2309 2348 cf.

434 2390 583 2455 Soph.
625 2392 717 2454 frg.
761 2393 856 2440 inc.
894 2395 994 2441 671
1037 2394 1085 2440 et
1138 2394 1237 2440 672
1292 2405 1402 2438 cum
1450 2393 1569 2438 nota
1606 2389 1787 2437 Achill.
1824 2388 1949 2436 Tat.:
2010 2383 2310 2452 Σοφοκλῆς

435 2472 496 2525 δὲ
547 2470 624 2535 εἰς
661 2464 849 2540 Ἀτρέα
898 2468 1005 2540 τὴν
1056 2465 1274 2541 εὕρεσιν
1323 2472 1444 2539 (τῆς
1482 2462 1872 2538 ἀστρονομίας)
1924 2461 2204 2536 ἀναφέρει.
2239 2497 2310 2504 —-

435 2564 539 2612 Iam
564 2564 647 2612 via
668 2563 764 2612 hoc
790 2562 937 2612 modo
965 2562 1215 2626 patefacta
1242 2565 1489 2624 quatenus
1517 2561 1695 2610 ceteris
1723 2560 1783 2608 de
1811 2564 2026 2622 utraque
2051 2557 2311 2622 tragoedia

434 2650 728 2699 testimoniis
785 2649 1016 2698 adhibitis
1067 2648 1304 2712 progredi
1361 2648 1635 2710 possimus,
1691 2646 1963 2695 videamus.
2038 2644 2310 2694 Ribbeckio

437 2741 486 2785 et
534 2734 835 2792 Straussi02)
888 2734 1258 2799 astipulandum
1312 2739 1415 2796 est,
1473 2734 1685 2782 Ennium
1740 2731 2054 2794 Euripidem,
2105 2731 2309 2779 Accium

437 2822 732 2884 Sophoclem
773 2825 995 2871 secutum
1037 2835 1157 2880 esse,
1206 2819 1339 2883 quod
1381 2820 1529 2869 etiam
1569 2834 1627 2867 eo
1672 2817 1919 2880 firmatur,
1957 2816 2091 2880 quod
2129 2816 2311 2864 Accius

437 2923 635 2971 quoque
663 2907 792 2957 Solis
830 2922 1113 2970 regressum
1154 2910 1268 2970 post
1305 2920 1477 2954 cenam
1504 2904 1809 2966 Thyesteam
1849 2903 2011 2964 posuit
2049 2900 2129 2961 (fr.
2156 2899 2312 2958 XIII).

437 2994 636 3043 Certum
677 2993 769 3042 hoc
808 2990 1022 3056 videtur,
1059 2992 1190 3055 apud
1230 2991 1519 3056 Euripidem
1546 2990 1819 3053 Thyestam
1860 2988 1976 3037 ficta
2014 2990 2310 3051 paupertate

438 3083 589 3142 atque
654 3080 852 3128 miseria
908 3079 1182 3143 supplicem
1255 3094 1365 3127 cum
1423 3076 1535 3126 filiis
1595 3075 1657 3125 ad
1718 3075 1918 3124 fratrem
1975 3074 2171 3122 venisse
2227 3070 2312 3132 (cf.

366 3214 368 3217 ,
439 3165 668 3224 Strauss.‚
709 3166 739 3213 l.
767 3181 807 3213 c.
845 3181 892 3227 p.
924 3162 1122 3227 59s60).
1198 3166 1374 3227 ltaque
1425 3163 1517 3211 hoc
1556 3161 2004 3226 probabilissimum
2045 3163 2144 3217 est,
2197 3173 2309 3206 eum

439 3252 580 3300 initio
618 3251 812 3300 fabulae
853 3250 922 3311 (in
958 3248 1190 3315 prologo)
1230 3265 1339 3299 cum
1379 3249 1491 3298 filiis
1532 3247 1596 3296 ad
1624 3263 1761 3297 aram
1790 3246 1921 3295 Iovis
1961 3244 2042 3306 (cf.
2070 3245 2161 3308 Ep.
2187 3244 2312 3292 Vat.:

439 3329 532 3384 ἐπὶ
581 3327 684 3385 τὸν
734 3327 862 3395 Διὸς
912 3328 1119 3401 βωμόν,
1170 3341 1219 3386 et
1264 3336 1359 3399 frg.
1398 3336 1527 3384 Enn.
1554 3334 1669 3383 V11:
1725 3333 1908 3397 Aspice
1959 3332 2054 3380 hoc
2104 3329 2312 3379 sublime

585 3532 620 3587 ¹)
652 3531 722 3576 Cf.
752 3532 1002 3588 superioris
1034 3532 1228 3588 paginae
1260 3535 1418 3581 notam
1450 3534 1488 3575 2.

582 3605 619 3661 Ξ)
651 3605 686 3647 L
721 3617 774 3659 6.,
806 3616 851 3659 p.
874 3608 1040 3660 58sqq.
