2548 4218
2041 284 2140 334 235

274 434 478 485 tandum
528 448 635 483 esse
674 432 755 481 vel
794 430 910 480 inde
948 433 1104 494 patet,
1155 429 1285 493 quod
1324 433 1493 492 postea
1534 429 1583 478 in
1623 434 1763 479 scuto
1803 432 2029 481 Hectoris
2068 449 2143 482 se—

274 523 469 585 pelitur.
544 521 600 568 V.
628 522 728 569 786
785 533 910 580 puer
958 533 1050 580 per
1087 516 1341 578 Talthybii
1394 515 1641 564 ministros
1690 517 1939 579 aufertur,
1992 523 2047 567 ut
2085 519 2146 567 de

276 622 417 656 muro
471 605 725 653 deiciatur.
799 605 983 651 Postea
1021 600 1200 661 (1119)
1241 616 1422 663 corpus
1467 603 1670 664 mortui,
1723 602 1951 651 nimirum
2003 605 2147 651 simu-

274 693 408 741 lacro
448 692 891 754 repraesentatum,
930 689 978 736 in
1016 703 1244 736 scaenam
1286 687 1507 735 affertur.

419 777 593 824 Restat
640 776 689 822 in
730 769 978 836 lphlqenla
1016 766 1266 822 Aulidensl
1306 771 1507 821 Orestes
1556 772 1820 835 parvulus,
1867 789 2013 836 quem
2055 790 2147 837 ego

278 861 474 926 quidem
527 877 556 908 a
605 875 727 908 vero
778 874 936 921 puero
988 860 1415 921 repraesentatum
1467 872 1574 905 esse
1626 873 1724 905 non
1775 858 1947 922 credo;
2000 864 2149 921 poeta

279 948 407 996 enim
447 961 556 994 eum
597 959 790 1007 semper
829 944 957 992 ulnis
995 942 1185 1006 portari
1222 942 1398 991 voluit:
1438 942 1500 990 cf.
1540 957 1616 990 vv.
1645 939 1864 1004 621l22:

533 1039 627 1091 καὶ
664 1038 839 1090 παῖδα
875 1034 1041 1091 τόνδε
1079 1034 1181 1090 τὸν
1212 1034 1611 1106 Ἀγαμέμνονος
1650 1034 1825 1105 γόνον

534 1116 768 1193 λάζυσθ’
805 1116 1083 1194 Ὀρέστην·
1125 1120 1205 1175 ἔτι
1242 1119 1347 1192 γάρ
1385 1120 1502 1175 ἐστι
1540 1119 1752 1194 νήπιος,

282 1249 333 1294 et
373 1241 626 1305 1118s19:

1099 1315 1250 1393 χὺπὸ
1288 1334 1407 1386 τοῖς
1445 1323 1679 1386 πέπλοις
1720 1319 1815 1393 ἄγε

541 1402 771 1476 λαβοῦσ’
809 1403 1075 1478 Ὀρέστην,
1116 1406 1217 1462 σὸν
1254 1410 1607 1479 κασίγνητον,
1644 1410 1863 1462 τέκνον.

285 1517 432 1568 Adde
472 1517 605 1580 quod
645 1515 910 1579 Euripides
948 1516 1083 1564 hunc
1122 1531 1330 1578 puerum
1372 1516 1576 1564 consilio
1614 1515 1871 1578 infantem,
1909 1516 1955 1565 h.
1983 1532 2021 1565 e.
2050 1531 2158 1565 ser·-

287 1604 445 1653 monis
483 1618 581 1652 non
621 1606 897 1664 compotem
936 1600 1099 1650 finxit:
1140 1601 1202 1650 cf.
1241 1617 1319 1649 vv.
1345 1597 1529 1662 465l6:

540 1693 740 1766 παρών
779 1688 827 1749 δ’
865 1688 1106 1766 Ὀρέστης
1144 1692 1307 1764 ἐγγύς
1347 1687 1709 1767 ἀναβοήσεται

545 1777 615 1836 οὐ
655 1778 858 1835 συνετὰ
896 1783 1168 1843 συνετῶς·
1209 1779 1290 1834 ἔτι
1329 1778 1431 1850 γάρ
1471 1779 1586 1834 ἐστι
1625 1778 1839 1850 νήπιος.

291 1890 380 1940 Oui
418 1889 528 1939 loco
582 1887 884 1952 opponenda
934 1890 1062 1946 sunt,
1102 1902 1231 1950 quae
1270 1887 1332 1936 de
1372 1887 1604 1936 Herculis
1643 1887 1753 1936 filiis
1796 1888 1942 1937 modo
1981 1890 2162 1938 monui.

290 1977 364 2030 Ac
416 1991 478 2024 ne
531 1975 773 2023 actionem
825 1973 1091 2022 indicatam
1142 1976 1310 2035 putes,
1361 1988 1488 2036 quae
1538 1974 1803 2022 abhorreat
1853 1974 1914 2022 ab
1961 1974 2163 2024 infantis

292 2065 493 2117 natura,
532 2076 757 2123 propono
796 2059 882 2107 tibi
920 2074 1098 2107 versus
1127 2062 1259 2108 1241
1289 2074 1415 2121 sqq.,
1460 2059 1639 2121 quibus
1678 2059 1940 2122 Iphigenia
1979 2060 2166 2110 Orestis

294 2147 505 2210 parvuli,
543 2162 684 2209 quem
725 2146 950 2194 manibus
988 2148 1138 2205 tenet,
1176 2147 1380 2207 aspectu
1419 2148 1610 2208 patrem
1641 2161 1950 2194 commovere
1978 2147 2168 2211 studet;

294 2232 461 2282 omnia
500 2232 677 2280 infanti
716 2232 898 2294 optime
938 2231 1262 2279 conveniunt:

549 2319 771 2394 ἀδελφέ,
809 2320 1005 2395 μικρὸς
1042 2326 1144 2395 μὲν
1183 2323 1250 2379 σύ
1289 2320 1338 2394 γ’
1377 2324 1677 2395 ἐπίκουρος
1715 2326 1912 2393 φίλοις,

551 2407 701 2481 ὅμως
740 2411 798 2465 δὲ
836 2409 1241 2481 συνδάκρυσον,
1282 2409 1572 2465 ἱκέτευσον
1609 2406 1823 2481 πατρὸς

551 2495 653 2571 τὴν
692 2495 792 2570 σὴν
831 2490 1078 2570 ἀδελφὴν
1111 2494 1183 2568 μὴ
1221 2502 1448 2551 θανεῖν·
1491 2492 1738 2568 αἴσθημά
1775 2517 1866 2551 τοι

551 2577 659 2636 κάν
698 2584 919 2654 νηπίοις
956 2602 1015 2652 γε
1052 2584 1171 2636 τῶν
1210 2584 1402 2635 κακῶν
1439 2581 1759 2652 ἐγγίγνεται.

556 2663 680 2722 ἰδοὺ
718 2671 950 2722 σιωπῶν
988 2668 1226 2722 λίσσεταί
1265 2660 1310 2721 σ>
1349 2661 1434 2721 ὅδ’
1473 2662 1520 2720 ὦ
1555 2663 1757 2738 πάτερ·

300 2792 408 2840 Nec
464 2790 589 2839 mira
644 2790 768 2839 haec
823 2788 1015 2839 Orestis
1070 2789 1298 2838 infantia:
1361 2805 1573 2852 namque
1628 2790 1854 2852 sequitur
1910 2791 2173 2853 Euripides

301 2876 498 2925 fabulae
537 2880 590 2925 ut
628 2876 828 2925 videtur
865 2875 1072 2925 formam
1114 2876 1432 2939 sollemnem,
1471 2891 1571 2939 qua
1610 2876 1909 2924 narrabatur
1946 2875 2173 2926 Orestem

307 2962 446 3011 initio
485 2962 600 3010 belli
625 2962 828 3010 Troiani
865 2961 1015 3011 fuisse
1055 2962 1293 3010 infantem
1329 2962 1376 3010 in
1406 2962 1576 3009 matris
1603 2962 1736 3009 ulnis
1761 2961 2175 3023 requiescentem:

306 3047 368 3096 cf.
418 3048 705 3111 Iph.Tau1·.
733 3049 832 3096 231
875 3051 924 3098 et
962 3047 1046 3098 Or.
1074 3051 1191 3098 377.
1275 3042 1486 3095 Videtur
1536 3062 1594 3112 eo
1645 3046 1914 3096 Stesichori
1967 3048 2176 3110 vestigia

304 3133 506 3195 legisse,
557 3134 699 3182 cuius
749 3134 798 3181 in
851 3135 1068 3182 carmine
1118 3135 1465 3197 argumentum
1516 3131 1637 3181 illud
1689 3148 1977 3196 expressum
2025 3133 2177 3182 fuisse

311 3219 560 3282 suspicor,
600 3216 850 3282 Orestem,
889 3220 969 3282 qui
1009 3219 1146 3269 initio
1186 3219 1301 3267 belli
1339 3218 1499 3267 infans
1538 3219 1721 3267 stultus
1759 3217 1954 3283 fuisset,
1993 3219 2176 3268 sensim

306 3304 369 3352 ad
420 3303 636 3353 officium
688 3320 831 3354 suum
883 3305 1081 3355 ultionis
1135 3304 1557 3367 cognoscendum>
1593 3304 1963 3354 corroboratum
2004 3301 2177 3362 esse.¹)

452 3455 484 3509 ¹)
516 3453 582 3499 cf.
601 3454 717 3500 Stes.
740 3453 827 3512 frg.
849 3460 917 3511 413
948 3459 1150 3500 ceterum
1181 3455 1448 3509 Robertum‚
1479 3454 1584 3498 Bild
1613 3454 1707 3498 und
1735 3454 1862 3510 Lied,
1892 3466 1937 3509 p.
1963 3456 2040 3497 149
2062 3466 2180 3510 sqq.,

309 3526 552 3582 praecipue
584 3539 626 3581 p.
653 3530 745 3571 178.
777 3552 832 3558 —
862 3526 914 3571 In
946 3527 1122 3584 scypho
1154 3527 1371 3583 quodam,
1405 3539 1448 3582 q.
1473 3526 1515 3569 d.
1547 3526 1853 3581 Homericum,
1883 3525 1928 3568 in
1960 3538 2051 3581 quo
2082 3525 2182 3580 ipsa

309 3597 385 3641 illa
415 3611 471 3642 ex
502 3597 608 3641 Eur.
630 3597 726 3654 lph.
760 3611 925 3643 scaena
963 3598 1069 3648 ficta
1109 3603 1204 3653 est,
1247 3598 1434 3642 Orestes
1472 3601 1621 3642 aetate
1652 3597 1806 3653 paullo
1836 3600 2083 3652 provectus
2114 3609 2181 3640 re-

395 3684 497 3717 Diss-
521 3683 607 3716 Hal.
632 3683 733 3717 xm.
1848 3686 1898 3726 16
