2548 4218
2052 279 2151 326 241

289 438 349 470 ex
389 421 590 485 Hygino
634 419 851 469 fabulam
891 418 1017 480 (01),
1068 435 1168 483 qua
1218 422 1449 468 narratur
1486 419 1790 483 Telephum,
1828 423 1882 468 ut
1920 420 2155 483 vulneris,

288 506 420 568 quod
471 506 533 553 ab
570 505 767 554 Achille
818 510 1100 568 acceperat,
1152 505 1395 553 medelam
1447 505 1840 563 nancisceretur,
1891 505 1938 553 in
1992 509 2155 553 castra

289 591 591 640 Achivorum
654 591 955 654 ingressum,
1028 593 1173 652 rapto
1236 589 1448 652 parvulo
1507 583 1707 653 Oreste,
1783 590 1968 638 obsidis
2031 591 2156 652 loco,

287 676 528 725 Achillem
579 691 631 724 se
678 691 854 724 sanare
901 677 1136 737 coegisse.
1211 677 1520 738 Responsum
1560 676 1687 722 enim
1740 675 1783 722 ei
1822 675 1883 723 ab
1922 676 2155 738 Apolline

288 764 396 810 erat
452 760 687 823 eundem,
731 762 814 819 qui
854 761 1184 823 vulnerasset,
1236 764 1526 809 sanaturum
1565 774 1687 808 esse.
1724 784 1794 792 —
1832 759 2034 810 Orestes
2072 761 2156 810 ille

287 846 512 895 nimirum
569 844 783 905 infans1)
843 847 1068 895 minimae
1125 847 1298 894 aetatis
1353 845 1649 907 cogitandus
1707 850 1782 894 est
1833 861 1894 893 ex
1946 846 2155 909 vulgari,

287 947 431 995 quam
455 938 607 994 supra
628 931 766 993 attigi
789 929 856 994 (p.
879 929 1016 990 235),
1040 931 1286 979 memoria.
1359 931 1581 979 Nobilem
1605 930 1757 994 illam,
1778 946 1876 992 qua
1902 931 2156 994 Telephus

287 1016 511 1065 Orestem
551 1017 704 1080 rapit,
754 1029 1007 1079 scaenam,
1057 1033 1186 1079 quae
1225 1016 1356 1080 apud
1397 1003 1685 1079 Euripidem
1735 1017 2057 1079 praecipuum
2105 1017 2155 1064 in

285 1102 456 1150 fabula
514 1102 670 1150 locum
729 1101 948 1150 tenuisse
1001 1101 1225 1165 videtur,
1285 1117 1348 1150 ne
1404 1101 1536 1164 apud
1595 1102 1898 1165 Aeschylum
1956 1101 2156 1164 quidem

286 1187 503 1236 defuisse
572 1187 842 1256 scholiasta
904 1186 965 1235 ad
1026 1189 1108 1235 Ar.
1151 1188 1274 1235 Ach.
1321 1189 1421 1237 332
1485 1189 1717 1235 testatur:
1798 1180 1917 1234 ἐπεὶ
1973 1181 2067 1234 καὶ
2124 1173 2154 1235 ὁ

291 1263 532 1338 Τήλεφος
570 1265 715 1320 κατὰ
751 1262 852 1320 τὸν
890 1264 1323 1337 τραγῳδοποιόν
1357 1261 1657 1334 Αἰσχύλον,
1698 1265 1788 1319 ἵνα
1827 1263 1965 1335 τύχῃ
2001 1260 2155 1335 παρὰ

284 1363 402 1415 τοῖς
439 1346 660 1423 Ἕλλησι
710 1353 1006 1423 σωτηρίας,
1068 1348 1168 1405 τὸν
1218 1347 1465 1421 Ὀρέστην
1515 1347 1621 1420 εἶχε
1673 1348 2001 1419 συλλαβών·
2042 1374 2153 1406 nam

285 1445 474 1494 etiamsi
527 1446 710 1507 ubique
758 1445 823 1492 ibi
865 1444 1125 1507 Euripides
1163 1444 1419 1506 irridetur,
1469 1444 1537 1491 ita
1575 1448 1629 1492 ut
1667 1444 1894 1492 nonnulli
1934 1444 2155 1493 homines

285 1531 418 1580 docti
477 1531 596 1578 illud
648 1521 926 1593 Αἰσχύλον
982 1545 1070 1592 per
1126 1545 1344 1578 errorem
1403 1530 1614 1592 positum
1674 1544 1782 1578 esse
1839 1530 2157 1593 coniecerint,

285 1616 511 1680 equidem
553 1617 768 1665 animum
797 1616 1034 1664 inducere
1063 1631 1160 1664 non
1191 1630 1407 1679 possum,
1446 1620 1499 1663 ut
1527 1616 1675 1663 ullum
1705 1620 2157 1678 commentatorem,

284 1702 507 1765 quisquis
534 1702 640 1764 fuit,
678 1707 775 1750 tam
805 1702 1052 1764 stupidum
1081 1705 1266 1764 putem,
1306 1705 1360 1749 ut
1388 1701 1704 1764 Euripideam
1735 1701 1948 1750 fabulam
1977 1703 2156 1765 respici

284 1804 383 1836 non
433 1788 652 1836 sentiret.
729 1788 883 1835 Mirus
934 1787 1159 1849 profecto
1211 1791 1343 1835 esset
1391 1787 1792 1835 commentatoris
1830 1803 1994 1850 error,
2045 1803 2154 1836 cum

283 1873 611 1935 Aeschyleam
640 1874 844 1921 afferret
869 1873 1161 1936 Telephum,
1201 1888 1299 1935 qua
1326 1872 1643 1935 Euripideam
1673 1873 1824 1921 multo
1852 1873 2155 1933 nobiliorem,

261 1946 436 2008 ”multo
477 1959 663 2007 diutius
703 1962 870 2007 notam
910 1958 1063 2007 fuisse
1102 1959 1382 2007 testimonia
1421 1957 1669 2018 docent.2)
1733 1961 1907 2021 ltaque
1947 1959 2154 2007 eandem

284 2047 387 2094 sive
445 2044 647 2093 similem
706 2059 934 2092 scaenam
992 2043 1124 2107 apud
1178 2044 1484 2106 Aeschylum
1543 2043 1820 2092 occurrisse
1868 2047 2155 2103 statuamus,

285 2131 471 2179 etiamsi
518 2146 615 2179 non
656 2132 709 2178 ut
747 2129 880 2192 apud
918 2129 1205 2192 Euripidem
1243 2129 1493 2191 Telephus
1532 2128 1697 2178 Oresti
1737 2145 1906 2178 necem
1947 2130 2157 2179 minatus

284 2231 406 2277 esse,
445 2215 530 2265 sed
570 2231 680 2264 eum
721 2218 908 2264 tantum
951 2214 1169 2264 obsidem
1199 2230 1469 2278 occupasse
1498 2214 1709 2278 videtur,
1747 2214 1882 2278 quod
1910 2216 2156 2264 cernimus

283 2303 332 2349 in
372 2302 653 2364 antiquiore
683 2299 949 2360 vasculo.3)
1012 2300 1184 2349 Infans
1209 2300 1289 2348 ille
1316 2301 1545 2349 nimirum
1574 2301 1838 2349 simulacro
1866 2317 2155 2364 repraesen-

285 2391 416 2436 tatus
475 2392 569 2447 est,
621 2388 752 2435 sicut
800 2402 890 2449 pro
930 2387 1229 2435 Prometheo
1275 2402 1474 2449 quoque
1512 2385 1561 2434 in
1602 2386 1739 2435 initio
1778 2386 1973 2435 fabulae
2013 2388 2157 2435 simu-

284 2474 471 2521 lacrum
512 2476 587 2521 est
632 2471 969 2521 substitutum.
1043 2471 1220 2534 Neque
1271 2472 1323 2519 in
1373 2487 1430 2519 eo
1479 2471 1831 2520 offendendum
1872 2475 1968 2533 est,
2021 2471 2157 2534 quod

284 2558 418 2621 talia,
454 2563 509 2606 ut
545 2562 740 2620 raptum
779 2557 996 2615 infantis,
1036 2557 1083 2604 in
1125 2571 1307 2605 scaena
1333 2556 1615 2618 Aeschylea
1653 2557 1853 2605 omnino
1881 2557 2156 2606 occurrisse

284 2647 427 2707 puto,
467 2644 618 2691 multo
658 2644 784 2691 enim
827 2642 971 2705 plura
1008 2642 1286 2705 agebantur
1319 2642 1368 2690 in
1395 2643 1601 2704 antiqua
1627 2657 1774 2704 quam
1802 2643 1851 2689 in
1879 2644 2157 2705 posteriore

284 2744 486 2789 scaena,
535 2729 664 2777 sicut
714 2744 754 2777 e.
794 2744 838 2791 g.
891 2729 1134 2776 Hercules
1184 2727 1234 2776 in
1283 2725 1577 2792 Προμηθεῖ
1620 2722 1877 2792 λυομένῳ
1926 2728 2156 2776 inductus

285 2819 360 2863 est
407 2814 623 2878 aquilam
687 2815 871 2877 sagitta
933 2812 1231 2873 occidens.4)
1306 2814 1484 2876 Itaque
1537 2812 1801 2875 Euripides
1859 2812 1952 2861 hac
2001 2813 2051 2861 in
2103 2828 2156 2862 re

285 2900 585 2963 Aeschylum
626 2899 843 2949 imitatus
884 2905 972 2949 est.

429 3168 464 3221 ¹)
495 3166 787 3211 Conveniunt
817 3166 988 3222 Hygini
1020 3165 1178 3210 verba:
1211 3165 1449 3220 „Orestem
1480 3165 1630 3220 rapuit
1660 3165 1718 3208 de
1749 3163 2033 3209 cunabulis“.

426 3239 464 3294 2)
495 3238 599 3282 Vid.
630 3238 761 3294 frgm.
801 3238 924 3294 apud
966 3237 1230 3282 Nauckium.
1293 3238 1505 3281 Ceterum
1544 3235 1600 3280 cf.
1644 3248 1759 3292 quae
1799 3235 1915 3279 infra
1952 3236 2010 3280 de
2051 3236 2155 3280 Eur.

287 3309 493 3365 Telepho
524 3310 770 3366 disputavi.
1279 3326 1282 3328 ’

428 3382 465 3435 ³)
497 3381 600 3426 vid.
642 3380 693 3425 Ο.
731 3380 884 3436 Jahn„
941 3380 1077 3424 Arch.
1119 3378 1251 3424 Aufs.
1297 3379 1386 3424 tab.
1427 3383 1472 3433 23
1528 3378 1581 3424 cf.
1625 3378 1830 3435 Robert.,
1874 3378 2025 3423 Jahrb.
2073 3378 2156 3422 des

286 3451 476 3496 Kaiserl.
508 3451 770 3496 Deutschen
804 3451 941 3496 Arch.
962 3452 1073 3495 Inst.
1097 3451 1153 3506 II,
1189 3454 1310 3505 1887,
1342 3464 1385 3506 p.
1409 3454 1505 3495 248.

430 3526 466 3575 4)
495 3522 628 3576 Quod
659 3523 816 3567 docuit
837 3523 889 3568 G.
909 3523 1075 3579 Haupt,
1107 3526 1351 3567 comment.
1373 3522 1489 3566 arch.
1523 3521 1567 3565 in
1588 3521 1771 3576 Aesch.,
1802 3520 1982 3565 dissert.
2006 3520 2155 3576 inaug.

287 3594 387 3639 Hal.
416 3598 535 3650 1896,
566 3594 687 3650 apud
717 3594 1049 3652 Niemeyerum,
1079 3607 1121 3650 p.
1151 3597 1242 3637 121.
