2548 4218
2023 326 2122 372 251

261 467 326 514 sit
364 464 669 514 collocanda.
743 465 863 514 Cum
904 481 1002 528 quo
1042 468 1265 528 tempore
1303 465 1398 513 hoc
1437 480 1634 527 quoque
1675 465 1856 527 optime
1884 466 2129 523 convenit,

261 551 391 614 quod
443 550 577 614 apud
623 550 908 614 Euripidem
961 551 1108 614 culpa
1158 551 1376 599 dirorum
1428 550 1670 598 scelerum
1723 565 1897 613 parum
1949 549 2029 612 pie
2080 551 2129 598 in

260 635 539 700 Apollinem
579 635 822 685 refertur:
862 635 915 684 cf
936 637 1063 685 Enn.
1091 635 1185 698 frg.
1210 636 1255 684 I:

415 748 501 797 Set
538 764 616 797 me
653 749 836 812 Apollo
875 750 1013 813 ipsus
1052 749 1267 798 delectat
1307 741 1510 815 [lactat],
1549 748 1719 798 ductat
1756 748 1986 798 Delficus.

267 877 476 926 Constat
511 879 674 925 autem
714 877 913 940 saepius
941 877 1226 940 Euripidem
1268 877 1513 939 castigare
1540 877 1767 939 Delphici
1796 877 1985 926 oraculi
2023 893 2131 939 per-

258 961 450 1024 fidiam,
489 962 607 1024 quia
650 962 698 1009 in
742 961 873 1010 bello
912 962 1335 1025 Peloponnesiaco
1389 978 1418 1010 a
1456 962 1967 1011 Lacedaemoniorum
2018 978 2130 1026 par·

259 1048 390 1096 tibus
429 1047 604 1096 stabat.
678 1047 771 1095 His
819 1035 1043 1096 omnibus
1093 1048 1397 1110 argumentis
1438 1048 1810 1110 comprehensis
1863 1064 1962 1096 non
2002 1063 2131 1096 erra-

258 1136 396 1181 turos
454 1147 544 1181 nos
602 1132 819 1195 confid0,
882 1133 923 1180 si
971 1134 1246 1195 Thyestam
1297 1132 1618 1196 Euripideam
1675 1133 1764 1181 sub
1822 1133 1959 1181 initio
2018 1132 2132 1182 belli

259 1218 674 1281 Peloponnesiaci
728 1217 925 1266 doctam
977 1233 1085 1266 esse
1132 1221 1422 1267 statuemus.
1461 1243 1525 1250 --
1579 1218 1658 1266 Ad
1704 1217 2012 1281 Sophocleae
2062 1218 2131 1265 fa—

258 1303 405 1352 bulae
443 1306 639 1366 tempus
695 1302 1030 1352 definiendum
1087 1303 1223 1352 haud
1269 1304 1370 1352 scio
1410 1320 1472 1352 an
1512 1303 1632 1352 illud
1671 1304 1911 1366 praebeat
1947 1318 2132 1361 ansam,

258 1388 390 1450 quod
444 1389 726 1452 Tantalum,
781 1389 1031 1451 Thyestae
1095 1388 1249 1436 filium
1304 1387 1430 1448 (sive
1488 1388 1624 1437 aliud
1674 1389 1719 1437 ei
1776 1404 1956 1437 nomen
2013 1392 2132 1450 erat,

258 1473 468 1522 fortasse
513 1474 686 1536 Aglai,
740 1474 1015 1523 secundum
1054 1474 1208 1522 schol.
1248 1475 1364 1523 Eur.
1402 1473 1485 1524 Or.
1511 1475 1650 1537 812),
1689 1473 2133 1536 adulescentulum,

258 1575 358 1608 non
398 1575 630 1623 puerum,
682 1558 899 1618 induxit,
950 1575 1094 1621 quem
1147 1574 1287 1607 usum
1335 1562 1472 1608 certa
1518 1560 1729 1622 quadam
1769 1562 1933 1607 aetate
1978 1556 2133 1618 (circa

258 1660 441 1693 annum
465 1643 589 1704 420)
616 1645 835 1707 viguisse
862 1643 992 1692 infra
1019 1645 1084 1706 (p.
1107 1645 1228 1699 288)
1257 1643 1625 1693 demonstrabo.
1645 1668 1714 1675 -—
1739 1645 1994 1692 Hactenus
2020 1659 2133 1707 pro-

258 1729 399 1793 gredi
439 1734 649 1778 conatus
694 1745 799 1778 sum
843 1729 891 1776 in
935 1729 1110 1777 harum
1157 1729 1524 1791 tragoediarum
1570 1729 1813 1792 tenebris;
1852 1728 1913 1777 de
1952 1729 2137 1791 pueris,

259 1829 471 1876 quorum
513 1829 665 1862 causa
704 1814 827 1862 haec
867 1814 1030 1862 omnia
1069 1813 1267 1862 molitus
1295 1829 1426 1876 sum,
1467 1814 1560 1862 hoc
1587 1813 1869 1862 addendum
1898 1816 1992 1862 est:
2033 1818 2134 1861 tres

259 1900 334 1960 (ut
378 1900 576 1948 videtur
621 1899 891 1948 secundum
943 1899 1194 1962 antiquam
1248 1897 1576 1961 memoriam),
1635 1914 1847 1961 quorum
1894 1899 2134 1947 maximus

259 1985 393 2048 apud
423 1985 717 2048 Sophoclem
757 1985 848 2032 iam
890 1984 1304 2034 adulescentulus
1341 1984 1500 2043 fuerit,
1540 1986 1590 2032 in
1619 1999 1850 2032 scaenam
1878 1983 2134 2047 prodiisse,

259 2074 450 2133 patrem
491 2085 551 2118 ex
593 2070 767 2119 exsilio
807 2069 1097 2118 redeuntem
1139 2070 1459 2133 comitantes3
1503 2069 1800 2132 Euripideos
1840 2084 1948 2117 cum
1988 2073 2132 2131 patre

257 2154 322 2203 ad
373 2170 508 2203 aram
561 2155 859 2204 consedisse.
934 2156 1260 2217 Nominibus,
1313 2170 1442 2218 quae
1482 2156 1628 2203 affert
1676 2155 1942 2204 scholiasta
1994 2154 2134 2202 Euri-

259 2240 463 2303 pideuS,
518 2241 709 2303 pueri
768 2257 829 2288 ex
886 2255 978 2288 usu
1036 2239 1324 2303 tragoediae
1363 2241 1469 2288 sine
1509 2240 1658 2288 dubio
1698 2243 1982 2289 caruerunt.
2055 2240 2133 2287 Ne

257 2326 414 2374 verba
452 2325 650 2388 quidem
691 2340 775 2374 eos
813 2324 988 2374 fecisse
1028 2326 1242 2374 arbitror
1282 2324 1502 2388 (praeter
1540 2325 1969 2375 adulescentulum
1996 2324 2132 2387 apud

258 2411 443 2475 Soph.)‚
482 2411 600 2474 quia
639 2426 810 2459 eorum
850 2410 1075 2460 condicio
1104 2426 1203 2460 non
1232 2414 1339 2459 erat
1364 2411 1493 2474 talis,
1532 2414 1586 2459 ut
1613 2415 1813 2459 cantum
1841 2410 2131 2473 Euripidem

260 2497 364 2560 (qui
405 2497 543 2546 solus
582 2496 629 2545 id
671 2497 869 2545 omnino
908 2512 1062 2545 ausus
1100 2511 1206 2545 esse
1232 2494 1452 2555 videtur)
1490 2496 1550 2544 iis
1588 2496 1817 2545 tribuisse
1856 2496 2132 2544 credamus.

258 2583 473 2631 Prorsus
512 2583 640 2630 enim
680 2585 795 2630 sunt
832 2581 1041 2645 periculi
1082 2582 1452 2644 necopinantes

401 2681 698 2731 Simillimam
745 2684 897 2744 atque
944 2681 994 2730 in
1033 2680 1186 2730 Atreo
1227 2681 1478 2730 materiam
1519 2680 1791 2744 Sophocles
1840 2679 2131 2728 tractavisse

259 2767 454 2816 videtur
516 2768 563 2815 in
625 2763 813 2830 Tereo,
884 2767 1025 2816 cuius
1087 2766 1289 2816 fabulae
1353 2783 1595 2815 conexum
1660 2765 1866 2814 mirabili
1929 2765 2130 2828 ingenio

260 2853 556 2903 Welckerus
606 2855 869 2903 restituere
909 2858 1118 2903 conatus
1157 2858 1257 2916 est,
1307 2855 1591 2916 suspicatus
1629 2853 1714 2901 ille
1753 2856 1801 2901 et
1837 2853 2041 2901 Accium
2082 2855 2130 2900 et

259 2937 489 2988 Ovidium
549 2938 809 3001 Sophoclis
865 2938 1076 3000 vestigia
1133 2938 1329 3001 legisse.
1417 2937 1661 3000 Imprimis
1720 2937 1803 2985 ille
1861 2936 2131 2998 constituit,

260 3017 419 3088 (quod
458 3023 519 3072 ab
559 3023 785 3072 omnibus
824 3023 1024 3086 probari
1062 3022 1311 3083 videtur),
1351 3021 1648 3087 Sophoclem
1686 3021 1885 3071 fabulae
1922 3021 2131 3070 actionis

259 3111 454 3171 tempus
492 3110 717 3172 posuisse
755 3113 869 3172 post
895 3110 1038 3157 Terei
1077 3111 1290 3157 taetrum
1319 3108 1529 3171 facinus„
1565 3110 1681 3170 post
1706 3107 1854 3157 Terei
1882 3107 2128 3155 Philome-

262 3194 441 3257 laeque
498 3194 781 3244 adventum.
879 3195 1054 3257 Itaque
1120 3197 1466 3256 argumentum
1529 3193 1729 3242 fabulae
1790 3192 1944 3241 fuisse
2005 3192 2127 3240 hoc:

259 3279 531 3343 Procnam,
582 3295 692 3328 cum
746 3281 895 3328 missa
932 3295 961 3328 a
1000 3294 1173 3328 sorore
1212 3280 1313 3329 tela
1352 3279 1668 3343 cognovisset
1704 3294 1809 3327 eam
1849 3280 2039 3341 captam
2080 3281 2128 3325 et

259 3364 598 3413 absconditam
647 3366 696 3414 in
750 3365 920 3414 eadem
974 3365 1118 3414 domo
1167 3366 1372 3428 morari,
1423 3381 1530 3413 eam
1580 3364 1895 3427 liberavisse,
1947 3362 2124 3412 deinde

261 3450 429 3498 ambas
468 3449 665 3499 foedum
706 3451 825 3499 illud
864 3451 1163 3514 supplicium
1205 3449 1267 3498 de
1293 3451 1454 3499 Tereo
1494 3448 1777 3512 sumpsisse,
1816 3463 1985 3498 omnes
2024 3451 2125 3496 tres

260 3535 308 3583 in
359 3550 478 3584 aves
530 3549 638 3584 esse
692 3539 1032 3585 commutatos.
1119 3536 1226 3584 Hoc
1276 3550 1474 3598 quoque
1528 3533 1828 3584 Ovidianum
1880 3533 2015 3594 (Met.
2043 3533 2126 3596 VI,

260 3617 497 3683 587sq0:

343 3711 443 3745 Dies.
460 3712 550 3745 Hal.
573 3712 687 3745 XIII.
1819 3714 1869 3755 17
