2548 4218
2062 313 2162 359 227

301 454 544 503 Nimirum
574 453 713 515 pueri
738 436 886 501 >etiam
916 468 1080 502 senem
1105 456 1281 502 contra
1302 468 1592 515 praeconem
1616 453 1851 501 audacem
1876 451 2169 513 defendunt,

301 555 411 587 nam
452 538 661 586 actionis
699 538 966 600 participes
1006 538 1337 587 ostenduntur
1377 539 1519 586 etiam
1561 555 1604 584 v.
1633 541 1756 587 603:

812 616 1052 682 λάβεσθε
1088 618 1200 681 κείς
1239 615 1406 688 ἕδραν
1441 612 1495 686 μ’
1533 617 1775 687 ἑρείοατε

556 695 732 755 αὐτοῦ
771 702 1030 756 πέπλοισι
1068 704 1253 756 τοῖσδε
1292 699 1625 772 κρύψαντες,
1667 703 1851 755 τέκνα.

301 795 570 856 Postquam
622 794 917 855 Demophon
975 795 1182 842 salutem
1233 795 1477 856 promisit,
1534 795 1674 857 pueri
1729 793 1789 840 ab
1841 793 1977 841 Iolao
2027 809 2170 855 reges

301 877 464 936 adire,
516 877 574 926 iis
627 879 816 940 gratias
865 894 1014 940 agere
1066 879 1313 927 iubentur.
1387 880 1452 926 At
1491 879 1631 941 pueri
1672 879 1790 926 muti
1832 881 1961 925 sunt.
2036 878 2168 926 Idem

302 965 475 1026 postea
527 979 635 1012 cum
678 963 918 1012 Alcmena
965 979 1122 1027 usquc
1169 964 1232 1013 ad
1277 964 1420 1012 finem
1462 963 1751 1027 tragoediae
1790 965 1838 1011 in
1877 978 2059 1011 scaena
2098 979 2171 1011 re-

302 1051 524 1110 manent,
577 1051 710 1096 certe
749 1065 845 1097 non
888 1032 1100 1112 amplius
1138 1065 1272 1097 aram
1312 1049 1616 1111 obsidentes,
1667 1052 1929 1111 postquam
1970 1049 2168 1111 Hyllum

300 1133 562 1182 advenisse
601 1134 803 1182 allatum
844 1139 918 1183 est
957 1133 1117 1194 (630).

443 1220 496 1267 Ι11
528 1215 731 1268 Hecuba
769 1236 969 1283 quoquc
1011 1220 1135 1268 duos
1174 1235 1372 1284 pueros,
1410 1221 1588 1269 filiolos
1626 1219 1992 1282 Polymestoris,
2033 1220 2172 1267 Euri-

301 1303 438 1366 pides
478 1305 686 1354 induxit.
760 1307 1109 1355 Brevissimum
1150 1309 1342 1354 tantum
1383 1309 1578 1369 tempus
1613 1307 1660 1353 in
1691 1321 1872 1354 scaena
1899 1309 2171 1366 morantur,

299 1395 487 1451 patrem
529 1392 822 1440 comitantes
861 1393 982 1440 muti
1020 1390 1393 1452 (952—1022).
1466 1393 1647 1440 Postea
1674 1407 1887 1454 corpora
1915 1406 2170 1439 caesorum

299 1475 347 1523 in
390 1490 619 1524 scaenam
660 1478 1030 1538 provolvuntur
1069 1471 1268 1541 (1051).

443 1555 704 1624 Supplices
743 1562 1008 1624 Euripidis,
1049 1578 1148 1611 una
1186 1578 1245 1610 ex
1285 1562 1510 1610 omnibus
1551 1577 1674 1624 quas
1714 1565 1939 1609 tenemus
1980 1561 2173 1619 fabulis,

300 1661 563 1708 puerorum
637 1648 841 1696 chorum
913 1651 1167 1696 canentem
1229 1649 1487 1711 praebent.
1588 1649 1765 1711 [ncipit
1833 1648 2088 1710 tragoedia
2144 1665 2174 1696 a

300 1732 585 1794 spectaculo
626 1733 744 1781 satis
782 1734 992 1796 tragico,
1031 1749 1140 1782 cum
1181 1734 1438 1782 videamus
1480 1737 1669 1796 septem
1697 1737 1811 1782 ante
1836 1733 2036 1781 Thebas
2065 1749 2171 1781 cae-

303 1831 471 1864 sorum
510 1816 690 1864 ducum
732 1821 914 1866 matres
941 1833 1085 1867 senes
1112 1819 1444 1867 acerbissimis
1471 1818 1727 1867 doloribus
1756 1822 1962 1866 vexatas
1989 1818 2172 1866 circum

300 1902 536 1950 Aethram
588 1903 650 1951 ad
691 1920 825 1952 aram
868 1904 1060 1953 Cereris
1102 1904 1383 1952 Eleusiniae
1423 1904 1676 1960 sedentes3
1729 1919 1878 1966 porro
1918 1903 1981 1951 ad
2023 1904 2171 1952 limen

302 1987 486 2050 templi,
525 1987 791 2036 Adrastum
832 1989 1056 2038 vestibus
1083 1990 1315 2049 velatum,
1350 2005 1493 2052 quem
1523 1989 1796 2038 circumdat
1821 1990 1970 2037 turba
1998 2005 2173 2052 puero-

301 2087 425 2132 rum,
463 2088 530 2121 sc.
568 2077 752 2136 septem
794 2074 972 2122 ducum
1000 2075 1229 2134 filiorum,
1269 2075 1402 2123 humi
1442 2076 1671 2123 nimirum
1711 2079 1765 2123 ut
1802 2074 1881 2122 ille
1910 2075 2172 2122 iacentium

302 2153 460 2218 (106).
534 2159 665 2207 Acer
721 2160 932 2221 gemitus
989 2161 1208 2222 undique
1265 2161 1471 2209 tollitur.
1545 2161 1599 2208 In
1647 2175 1918 2223 progressu
1975 2159 2176 2208 fabulae

299 2243 443 2305 pueri
498 2260 594 2292 non
647 2244 783 2306 prius
835 2261 986 2308 agere
1037 2246 1302 2309 quicquam
1355 2245 1589 2293 videntur
1640 2262 1785 2308 quam
1838 2262 1881 2292 v.
1910 2248 2034 2307 954,
2092 2245 2177 2293 ubi

301 2333 523 2378 mortuos
576 2336 742 2392 patres
791 2332 853 2379 ad
907 2347 1054 2393 rogos
1106 2331 1385 2380 efferendos
1423 2334 1806 2394 prosequuntur.
1880 2331 1967 2390 At,
2019 2347 2175 2394 quan-

305 2430 451 2477 quam
493 2415 615 2463 nihil
654 2417 861 2465 actionis
899 2432 1168 2480 puerorum
1211 2422 1358 2465 antea
1396 2416 1665 2479 Euripides
1704 2415 1961 2477 indicavit,
2010 2420 2173 2464 tamen

303 2515 401 2548 non
443 2515 638 2563 semper
676 2517 761 2550 cos
799 2500 863 2549 ad
888 2503 1073 2564 templi
1114 2502 1261 2550 limen
1299 2502 1508 2550 iacuisse
1548 2501 1863 2551 statuendum
1892 2506 1981 2565 est,
2017 2502 2178 2563 immo,

302 2600 412 2633 cum
452 2589 648 2648 patrum
688 2602 899 2648 corpora
937 2589 1235 2636 efferrentur
1274 2586 1430 2646 (794),
1470 2587 1760 2648 surrexisse,
1799 2591 1854 2635 ut
1883 2587 1954 2635 eis
1981 2586 2174 2635 obviam

299 2671 429 2719 irent
463 2674 511 2720 et
551 2687 608 2720 ea
635 2673 922 2721 salutarent.
996 2674 1303 2722 Postremum
1332 2674 1474 2735 pueri
1505 2673 1740 2720 matribus
1768 2673 1959 2721 cineres
1986 2675 2174 2735 septem

303 2757 505 2805 heroum
570 2758 837 2807 afferentes
900 2759 1129 2807 threnum
1189 2774 1297 2807 cum
1354 2759 1412 2806 iis
1469 2762 1655 2806 canunt
1711 2759 1916 2807 alternis
1971 2758 2176 2807 vocibus

308 2842 466 2896 (1114
493 2840 635 2905 sqq.).
709 2845 766 2891 In
806 2859 985 2891 scaena
1023 2848 1318 2907 permanent
1355 2843 1419 2891 ad
1459 2843 1603 2892 finem
1645 2843 1726 2896 (cf.
1766 2859 1848 2892 vv.
1879 2846 2012 2893 1213
2035 2845 2178 2906 sqq.).

301 2951 371 2959 -
422 2927 519 2976 Sed
572 2928 820 2990 quomodo
872 2929 1070 2977 tandem
1128 2930 1206 2977 hic
1258 2944 1527 2993 puerorum
1580 2929 1761 2977 chorus
1812 2928 2052 2978 formatus
2103 2929 2179 2990 sit,

301 3012 329 3061 i.
357 3029 399 3061 e.
438 3017 560 3076 quot
597 3015 737 3076 pueri
779 3014 1030 3078 cogitandi
1069 3016 1181 3077 sint,
1220 3015 1503 3063 accuratius
1542 3029 1854 3076 quaeramus.
1928 3015 2075 3063 Hunc
2113 3014 2174 3062 ad

302 3098 446 3147 finem
487 3102 649 3147 autem
691 3101 915 3163 primum,
961 3100 1121 3164 qualis
1161 3100 1308 3149 fuerit
1346 3101 1526 3149 chorus
1565 3100 1867 3163 principalis,
1906 3099 2177 3149 videamus.

302 3183 563 3246 Euripides
597 3185 724 3233 enim
764 3200 958 3249 semper
997 3201 1155 3249 aeque
1194 3186 1430 3249 loquitur,
1468 3200 1526 3233 ac
1564 3186 1603 3233 si
1642 3188 1867 3247 septem
1909 3188 2089 3233 matres
2126 3185 2174 3232 in

301 3283 482 3316 scaena
543 3268 746 3334 fuerint,
821 3271 1000 3333 quibus
1055 3271 1346 3329 assisterent
1419 3270 1656 3329 famulae,
1732 3286 1862 3334 quae
1919 3273 1968 3319 et
2026 3271 2177 3332 ipsae,

303 3359 480 3402 matres
548 3356 877 3418 excipientes,
951 3356 1094 3420 primi
1159 3358 1390 3405 carminis
1456 3356 1674 3405 ultimam
1738 3356 1991 3419 stropham
2054 3357 2176 3403 31111-

300 3439 656 3503 strophumque
708 3446 896 3490 canunt
949 3443 1034 3498 (71
1064 3440 1206 3505 sqq.).
1281 3443 1550 3490 Numerum
1605 3441 1941 3505 septenarium
1994 3440 2175 3489 videsis

302 3540 341 3573 6.
380 3541 425 3587 g.
466 3540 509 3572 v.
538 3527 640 3575 964
667 3540 760 3589 sq.:
818 3518 959 3574 ἓπτά
995 3523 1225 3591 ματέρες
1272 3518 1412 3575 ἑπτὰ
1463 3516 1706 3591 κούρους
1757 3514 2068 3590 ἐγείναμεθ’
2118 3519 2174 3572 αἱ

302 3604 651 3674 ταλαίπωροι
688 3609 806 3660 κτλ.
882 3613 1063 3662 Postea
1102 3611 1315 3661 famulae
1354 3612 1550 3661 nonnisi
1588 3627 1634 3661 V.
1665 3614 1799 3662 1115
1838 3614 2176 3661 memorantur
