2548 4218
412 259 512 305 276

411 412 607 459 quoque
646 401 694 446 et
731 398 996 448 comoediis
1035 400 1177 462 quasi
1215 404 1463 451 certantes
1500 402 1762 465 prodiisse,
1812 408 1867 454 ut
1905 421 2013 454 cum
2054 407 2282 456 omnibus

409 483 773 545 spectatoribus
801 487 902 532 tum
933 485 1238 552 amatoribus
1266 486 1370 534 suis
1400 502 1499 536 non
1526 487 1685 536 solum
1706 493 1920 539 venuste
1945 495 2167 556 agentes,
2193 491 2281 540 sed

411 568 558 615 etiam
586 568 806 616 suaviter
835 572 1070 617 canentes
1095 568 1416 632 placerent.¹)
1473 573 1598 620 Nam
1640 577 1881 623 cantum
1919 576 2078 625 solum
2105 577 2280 639 tragici
2355 606 2358 610 ·

410 650 494 711 (ex
533 652 712 715 quibus
750 660 938 702 certum
979 654 1039 704 de
1079 670 1179 703 uno
1218 655 1459 718 Euripide
1499 656 1716 720 scimus),
1767 675 1866 709 non
1919 661 2102 710 verba
2150 678 2279 725 pro-

408 754 438 786 n
453 754 482 786 u
497 737 746 786 ntianda
774 740 942 802 pueris
965 740 1318 804 imposuerunt,
1341 742 1472 804 quod
1495 742 1693 804 quidem
1713 744 1938 794 Koobius
1949 739 1994 809 2)
2015 750 2281 810 propterea

407 822 593 870 factum
635 838 746 872 esse
786 827 970 885 censet,
1009 826 1125 887 quia
1164 830 1400 875 canentes
1437 828 1580 890 pueri
1614 827 1811 878 facilius
1836 845 1962 879 voce
1994 830 2278 880 immensam

407 908 589 956 theatri
627 908 1022 971 magnitudinem
1053 910 1384 972 expleverint3
1424 928 1553 975 quae
1580 914 1868 964 coniectura
1895 931 1993 964 non
2021 916 2087 964 ita
2113 917 2282 979 inepta

407 994 496 1039 est'.
571 991 666 1041 Sed
716 992 1079 1042 observandum
1132 998 1209 1043 est
1268 996 1486 1059 tragicos
1533 998 1730 1047 omnino
1775 998 1890 1048 inde
1929 999 1989 1048 ab
2027 999 2280 1064 Aeschylo

412 1075 630 1139 (praeter
686 1077 929 1140 Pyladem
987 1079 1416 1142 Choephororum)
1473 1083 1946 1147 parachoregemata
2002 1085 2282 1134 canentia

409 1162 682 1224 induxisse,
721 1167 887 1212 tamen
927 1180 1170 1227 personas
1210 1166 1503 1216 diverbiis
1548 1171 1791 1218 utentes
1842 1170 1974 1219 ultra
2010 1171 2280 1234 legitimum

406 1263 668 1297 numerum
720 1249 957 1298 adhibere
1004 1252 1243 1300 acerrime
1282 1253 1468 1302 veritos
1505 1269 1627 1303 esse.
1700 1254 1846 1304 Adde
1884 1256 2016 1319 quod
2055 1271 2114 1304 ea
2152 1271 2282 1327 quae

407 1332 645 1382 habemus
701 1334 1178 1399 parachoregemata
1234 1352 1430 1400 semper
1485 1339 1935 1389 extraordinarium
1992 1341 2281 1404 tragoediae

406 1423 750 1468 ornamentum
789 1421 1048 1483 praebent.
1123 1423 1198 1470 Ita
1237 1438 1506 1486 puerorum
1547 1440 1748 1488 quoque
1783 1429 1957 1475 cantus
1995 1425 2141 1489 (quos
2181 1442 2278 1476 non

406 1503 670 1566 proferunt
721 1506 813 1553 nisi
864 1508 1119 1556 acerrimis
1164 1509 1402 1571 periculis
1442 1509 1700 1559 constricti
1738 1514 1824 1559 aut
1863 1525 2052 1561 summo
2090 1512 2138 1560 in
2178 1512 2281 1560 ani-

406 1605 596 1638 morum
649 1589 821 1654 motu),
874 1591 1043 1655 potius
1094 1597 1239 1642 erant
1293 1580 1656 1658 ἀγωνίσματα
1706 1589 1782 1652 εἰς
1833 1587 1900 1644 τὸ
1949 1593 2283 1662 παραχρῆμα

405 1673 605 1738 (nempe
654 1679 708 1724 ut
758 1676 905 1725 claris
954 1678 1242 1741 tenerisque
1292 1695 1560 1742 puerorum
1609 1680 1814 1729 vocibus
1853 1686 2160 1744 spectatores
2199 1681 2280 1730 de-

407 1758 780 1825 lectarentur‚3)
845 1762 990 1812 simul
1055 1764 1394 1813 misericordia
1457 1764 1780 1827 moveretur),
1845 1782 1994 1830 quam
2057 1769 2281 1831 integrae

405 1846 685 1896 fabularum
727 1853 910 1911 parteS.
949 1874 1015 1881 —-
1074 1850 1236 1899 Aliter
1274 1865 1326 1900 se
1364 1855 1548 1913 gerunt
1585 1853 1728 1914 pueri
1766 1852 2140 1915 Aristophanei,
2197 1853 2282 1916 qui

406 1937 460 1982 ut
497 1933 647 1982 vitam
689 1933 1010 1984 domesticam
1051 1935 1298 2000 referunt,
1352 1938 1422 1986 ita
1478 1953 1568 1987 suo
1621 1954 1756 1988 more
1812 1939 2101 2002 loquuntur,
2155 1939 2282 1988 sicut

405 2019 602 2068 omnino
623 2019 985 2083 Aristophanes
1003 2037 1248 2085 personas
1269 2023 1400 2071 ultra
1426 2038 1683 2072 numerum
1697 2008 1995 2073 ‘sollemnem
2017 2025 2281 2088 loquentes

403 2105 602 2167 saepius
640 2105 851 2156 induxit.

547 2205 645 2254 Sed
686 2206 761 2254 his
801 2221 928 2268 quae
967 2206 1028 2255 ad
1069 2207 1356 2255 universam
1397 2223 1499 2257 rem
1542 2211 1772 2272 spectant
1810 2211 2118 2273 argumentis
2159 2209 2281 2259 nihil

405 2291 527 2339 certi
583 2290 713 2339 effici
771 2291 919 2340 facile
978 2292 1218 2355 quispiam
1274 2293 1565 2342 arbitretur:
1623 2294 1848 2358 singulas
1899 2294 2094 2344 fabulas
2145 2297 2281 2360 ipsas

403 2391 513 2424 esse
563 2377 837 2426 adeundas.
910 2378 1088 2441 Itaque
1127 2379 1338 2441 primum
1377 2380 1606 2429 Eumeli
1645 2396 1690 2444 q.
1719 2380 1765 2429 d.
1803 2384 1987 2444 partes,
2038 2381 2100 2430 de
2139 2382 2280 2431 cuius

401 2466 566 2511 aetate
619 2464 924 2526 potissimum
976 2465 1137 2528 possit
1187 2465 1430 2529 dubitari,
1486 2466 1694 2530 propius
1741 2467 2181 2534 contemplemur.¹
2227 2466 2278 2516 Si

403 2550 531 2596 enim
572 2548 874 2597 Alcestidem
914 2565 944 2597 a
981 2550 1143 2598 tribus
1183 2550 1507 2600 histrionibus
1539 2556 1697 2600 actam
1727 2566 1833 2601 esse
1861 2555 2108 2616 putamus,
2145 2552 2278 2616 quod

405 2649 569 2696 neque
607 2634 768 2683 refelli
808 2650 974 2697 neque
1014 2639 1150 2684 certo
1192 2637 1352 2684 evinci
1393 2652 1540 2699 posse
1581 2637 1794 2701 videtur,
1831 2638 2089 2686 Eumelum
2118 2638 2169 2686 in
2196 2638 2281 2687 illa

403 2721 658 2769 morientis
708 2721 977 2769 Alcestidis
1033 2736 1215 2770 scaena
1264 2722 1326 2771 ab
1378 2738 1477 2771 uno
1531 2739 1595 2771 ex
1649 2723 1823 2787 tribus,
1879 2724 1964 2786 qui
2002 2727 2278 2787 supererat,

403 2806 728 2855 histrionibus
766 2811 1194 2869 repraesentatum
1236 2823 1344 2857 esse
1382 2807 1527 2857 facile
1567 2809 1774 2870 cogitari
1812 2813 1991 2872 potest,
2029 2825 2158 2873 quae
2185 2809 2279 2859 fuit

402 2892 708 2940 Lachmanni
746 2892 828 2951 (de
868 2908 1035 2956 mens,
1074 2910 1120 2957 p.
1140 2891 1246 2955 44),
1285 2893 1336 2943 C.
1362 2895 1417 2942 F.
1443 2894 1715 2942 Hel-manni
1745 2894 1828 2950 (de
1867 2895 2070 2958 distrib.,
2107 2911 2153 2958 p.
2174 2893 2277 2955 49),

402 2978 620 3026 Richteri
671 2978 784 3037 (Die
825 2980 1114 3042 Verteilung
1164 2980 1254 3029 der
1301 2981 1500 3042 Rollen‚
1550 2997 1597 3043 p.
1620 2979 1707 3040 75)
1758 2983 2017 3030 sententia.
2094 2983 2275 3031 Verum

402 3069 478 3113 est
513 3065 684 3124 verba,
724 3081 851 3128 quae
890 3066 1192 3128 proferenda
1228 3067 1497 3130 Euripides
1535 3067 1742 3116 Eumelo
1781 3067 1967 3130 tribuit,
2006 3068 2155 3130 longe
2193 3067 2277 3116 ab·

544 3218 579 3270 1)
611 3215 785 3259 Pueros
832 3216 1016 3272 quidem
1061 3220 1288 3262 amatores
1334 3230 1445 3262 suos
1489 3217 1535 3260 in
1576 3230 1743 3262 scaena
1780 3221 1972 3274 agentes
2010 3218 2275 3263 incitavisse

401 3286 611 3330 videmus
643 3286 690 3330 in
720 3287 835 3330 Plat.
858 3287 1003 3342 Epist.
1027 3288 1105 3343 IV,
1137 3302 1180 3344 p.
1204 3292 1280 3333 321
1307 3289 1368 3333 A:
1403 3283 1498 3345 ἐγὼ
1531 3286 1581 3334 δὲ
1613 3286 1692 3333 καὶ
1725 3283 1777 3334 ἐν
1798 3295 1898 3342 τοῖς
1920 3286 2147 3347 θεάτροις
2173 3282 2275 3347 ὁρῶ

400 3352 513 3409 τοὺς
545 3353 815 3414 ἀγωνιστὰς
845 3353 939 3403 ὑπὸ
974 3364 1071 3403 τῶν
1102 3359 1285 3404 παίδων
1315 3355 1751 3418 παροξυνομένους.

543 3431 581 3485 ²)
611 3430 681 3474 De
705 3431 841 3475 mutis
864 3444 979 3487 quae
1001 3435 1224 3475 vocantur
1244 3432 1470 3489 personis,
1501 3432 1612 3476 diss.
1635 3432 1788 3488 philol.
1807 3432 1906 3476 Hal.
1930 3432 2021 3477 vol.
2033 3433 2090 3488 V,
2120 3446 2164 3488 p.
2178 3435 2275 3476 257.

543 3502 579 3558 3)
612 3502 737 3555 Quae
761 3515 834 3546 res
859 3502 1003 3558 magis
1022 3502 1157 3547 etiam
1174 3503 1426 3548 illustratur
1454 3503 1558 3548 loco
1576 3503 1773 3560 quodam
1790 3503 2012 3559 Ar.Vesp.
2030 3505 2130 3559 (568
2143 3505 2274 3561 sqq.),

402 3572 461 3616 de
493 3586 584 3628 quo
615 3571 730 3617 infra
760 3574 824 3629 (p.
845 3573 948 3630 293)
980 3573 1241 3630 disputabo.
