2548 4218
2071 286 2170 340 237

301 431 474 481 inania
524 431 789 480 simulacra
838 447 927 494 pro
966 431 1095 480 vivis
1133 431 1301 494 pueris
1340 431 1446 479 sive
1485 431 1665 494 puellis
1704 432 1752 479 in
1792 447 2021 481 scaenam
2064 448 2171 482 esse

305 518 514 580 prolata.
577 516 781 565 Accedit
821 516 970 578 quod,
1009 532 1138 579 quae
1178 521 1252 564 est
1289 517 1506 565 iocorum
1550 515 1599 576 (a
1626 533 1669 564 v.
1695 512 1815 580 781)
1843 519 2173 581 obscoenitas,

302 601 537 664 puellas
575 602 879 662 potissimum
908 601 957 649 in
997 615 1181 649 scaena
1218 601 1479 649 monstrari
1521 605 1668 662 poeta
1708 602 1922 650 voluisse
1962 602 2175 663 videtur,

302 686 436 749 quod
478 686 883 734 Wilamowitzius
932 701 1008 734 me
1059 685 1241 734 docuit.
1316 685 1407 734 Vel
1456 685 1549 733 hac
1601 686 1662 734 de
1701 701 1852 734 causa
1890 688 2176 736 coniectura

304 772 385 821 illa
411 768 638 834 Beerii,1)
677 771 980 819 Nicarchum
1020 771 1390 834 sycophantam,
1429 771 1513 834 qui
1555 774 1729 834 postea
1768 770 2091 831 (869—917)
2126 774 2174 821 in

302 873 484 906 883803
533 860 631 919 881,
685 858 745 904 ab
794 857 951 905 altero
999 872 1292 919 puerorum,
1343 856 1428 919 qui
1468 857 1777 918 Megarensis
1815 857 2024 906 filiarum
2065 874 2177 921 per-

302 958 449 991 sonas
499 943 764 1004 gesserint,
816 957 926 990 esse
977 946 1430 1004 repraesentatum,
1481 941 1732 990 reicienda
1787 946 1884 999 est3
1941 959 2054 991 nam
2106 947 2179 992 tot

301 1028 454 1077 verba
521 1028 768 1090 puellulas
825 1028 874 1075 in
932 1027 1126 1076 theatro
1200 1028 1467 1090 protulisse
1545 1043 1665 1076 8308
1728 1028 2019 1077 incredibile
2083 1032 2176 1091 est3

302 1113 452 1162 filiam
490 1115 656 1176 potius
693 1114 843 1175 illam,
881 1128 1008 1175 quae
1051 1129 1159 1161 cum
1201 1119 1355 1161 matre
1395 1114 1442 1160 in
1485 1129 1665 1175 pompa
1691 1114 1994 1176 Dionysiaca
2033 1112 2176 1173 (245)

301 1198 575 1261 inducitur,
626 1201 675 1246 et
724 1198 1028 1246 Nicarchum
1087 1198 1307 1246 eiusdem
1355 1197 1506 1246 fuisse
1556 1199 1737 1247 actoris
1797 1200 2038 1262 suspicor.
2122 1200 2178 1248 In

301 1285 503 1334 vocibus
544 1284 820 1347 puellarum
861 1299 961 1332 non
1001 1283 1352 1332 offendendum
1393 1290 1480 1342 est,
1521 1284 1763 1347 siquidem
1800 1286 1944 1347 pauci
1972 1285 2042 1333 illi
2070 1287 2178 1333 soni

300 1370 448 1420 facile
498 1370 558 1418 ab
608 1370 706 1418 alio
751 1369 918 1432 aliquo
957 1369 1326 1432 emittebantur,
1373 1370 1499 1418 sicut
1536 1371 1584 1418 in
1621 1371 1901 1433 Lysistrata
1939 1371 2164 1420 Oinesiae

300 1455 439 1505 filioli
477 1470 624 1504 voces
664 1455 811 1503 alium
851 1457 1067 1502 actorem
1108 1454 1388 1517 suscepisse
1424 1455 1745 1504 inveniemus.

445 1557 503 1604 In
545 1549 797 1616 Equlfibus
836 1553 1198 1616 Aristophanes
1249 1569 1310 1602 ex
1362 1555 1462 1603 vita
1515 1555 1762 1603 cotidiana
1812 1571 2046 1621 puerum,
2095 1574 2162 1620 qu

302 1640 400 1689 fert
438 1627 727 1699 ὀκλαδίαν,
766 1639 982 1702 induxit,
1021 1656 1167 1702 quem
1206 1655 1326 1688 sane
1366 1655 1553 1688 merum
1595 1631 1960 1706 δορυφόρημα
1998 1643 2172 1691 merito

303 1726 666 1789 appellabimus
706 1719 774 1789 (v,
806 1722 976 1785 1384).

449 1827 504 1874 In
536 1820 716 1888 vespis
754 1826 803 1873 in
856 1840 1083 1873 scaenam
1140 1824 1390 1888 prodeunt
1434 1826 1576 1887 pueri
1624 1826 1973 1888 praelucentes
2018 1828 2185 1891 choro,

304 1912 390 1974 qui
444 1927 490 1959 v.
531 1914 633 1961 230
685 1914 799 1960 ante
851 1911 1004 1959 solem
1057 1914 1217 1959 ortum
1270 1911 1574 1959 orchestram
1627 1912 1792 1959 intrat.
1867 1913 1923 1961 V.
1950 1915 2053 1962 408
2074 1929 2184 1977 sqq.

306 1998 449 2060 pueri
504 2013 532 2045 a
586 1998 871 2060 coryphaeo
929 1997 1264 2055 dimittuntur,
1322 2001 1376 2044 ut
1428 1997 1659 2045 Cleonem
1716 2002 1992 2061 arcessant,
2049 1998 2184 2062 quod

305 2082 567 2132 artificium
633 2088 781 2146 poeta
831 2083 1058 2131 nimirum
1110 2082 1451 2131 tantummodo
1503 2082 1565 2130 ad
1615 2098 1800 2144 pueros
1851 2084 2183 2132 removendos

306 2168 464 2217 finxit.
556 2168 646 2216 Vel
700 2168 816 2216 inde
873 2168 968 2217 1108
1019 2183 1218 2230 quoque
1269 2168 1517 2231 sequitur,
1571 2183 1655 2217 eos
1708 2184 1891 2231 pueros
1941 2163 2186 2231 praebere

309 2270 489 2304 revera
543 2258 887 2303 ornamentum
941 2253 1089 2302 huius
1129 2254 1320 2302 fabulae
1358 2255 1637 2318 proprium,
1687 2270 1779 2303 088
1817 2259 2008 2317 partem
2049 2255 2187 2304 chori

308 2340 488 2402 fuisse,
539 2340 675 2403 quod
729 2340 1130 2389 G.Hc1·mannus
1180 2340 1463 2402 suspicatus
1515 2345 1603 2388 est.
1677 2338 1889 2389 Omnino
1942 2341 2069 2389 enim
2124 2341 2183 2389 de

310 2426 386 2474 his
439 2441 710 2489 puerorum
762 2427 987 2489 partibus
1040 2441 1246 2488 magnae
1294 2426 1426 2474 inter
1476 2427 1610 2474 viros
1661 2426 1834 2475 doctos
1880 2429 2019 2475 ortae
2071 2429 2186 2475 sunt

312 2514 703 2569 controversiae3
757 2528 868 2561 nam
922 2527 1084 2575 neque
1136 2516 1259 2575 quot
1296 2513 1436 2576 pueri
1477 2511 1682 2575 fuerint,
1732 2527 1898 2575 neque
1938 2512 2185 2575 quomodo

308 2598 465 2647 verba
523 2614 551 2646 a
607 2600 756 2661 poeta
808 2598 898 2647 sibi
956 2598 1143 2646 tributa
1196 2598 1524 2662 protulerint,
1580 2597 1710 2646 clare
1766 2597 2037 2646 indicatum
2097 2601 2187 2647 est.

310 2683 479 2746 Atque
518 2683 875 2732 G.He1·manni
926 2680 1294 2746 sententiam,²)
1348 2684 1676 2732 existimantis
1725 2685 1965 2746 quattuor
2002 2698 2187 2747 pueros

309 2783 339 2816 a
392 2772 625 2831 quattuor
676 2769 930 2818 choreutis
983 2767 1193 2829 (statura
1239 2768 1572 2827 brevioribus)
1626 2783 1733 2817 esse
1771 2772 2188 2833 repraesentatOS,

310 2854 513 2903 honoris
566 2858 758 2903 tantum
816 2870 967 2903 831183
1021 2856 1192 2904 affero.
1289 2855 1414 2903 Nam
1475 2869 1584 2902 cum
1642 2854 1811 2916 pueris
1867 2870 1913 2902 v.
1958 2855 2062 2904 408
2123 2855 2186 2902 ad

310 2939 541 2989 Cleonem
595 2940 807 2988 dimissis
845 2955 1104 2989 remanere
1144 2955 1243 2989 non
1283 2939 1475 3003 possint
1512 2939 1604 2987 nisi
1642 2940 1733 2987 XX
1772 2940 2068 3002 choreutae,
2118 2939 2180 2988 ad

309 3040 416 3074 eam
472 3025 752 3075 delabimur
790 3027 1127 3075 coniecturam
1167 3041 1286 3075 sane
1326 3028 1708 3083 monstruosam,
1760 3030 1814 3074 ut
1852 3027 2054 3074 chorum
2097 3041 2186 3088 per

312 3112 572 3160 maximam
613 3111 811 3160 fabulae
851 3115 1039 3174 partem
1081 3111 1206 3161 adeo
1247 3112 1521 3160 mutilatum
1562 3111 1669 3159 vice
1709 3126 1798 3160 sua
1823 3110 2047 3160 functum
2075 3126 2184 3160 esse

311 3196 623 3246 arbitremur.
687 3197 944 3246 Deductus
983 3201 1148 3246 autem
1176 3198 1494 3245 Hermannus
1533 3197 1593 3245 ad
1635 3212 1740 3246 eam
1777 3197 2071 3245 sententiam
2099 3200 2191 3259 est,

312 3280 446 3344 quod
486 3283 683 3332 omnino
722 3297 903 3345 pueros
943 3286 1182 3332 canentes
1220 3283 1542 3331 inscaenam
1575 3281 1766 3330 admitti
1794 3298 1893 3331 non
1920 3297 2068 3345 posse
2094 3283 2187 3331 sibi

456 3462 492 3516 ¹)
536 3460 584 3515 C.
612 3461 751 3517 Beer,
789 3462 941 3507 Ueber
979 3462 1053 3506 die
1094 3461 1203 3506 Zahl
1244 3461 1325 3506 der
1365 3461 1683 3518 Schauspieler
1722 3461 1797 3506 bei
1836 3460 2187 3516 Aristophanes,

308 3532 503 3588 Leipzig
536 3535 660 3587 1844,
691 3546 734 3588 p.
760 3536 827 3577 59.

453 3603 492 3660 2)
522 3603 592 3647 De
622 3602 764 3649 choro
794 3604 1054 3660 Vesparum
1088 3608 1215 3661 1843;
1253 3617 1414 3661 opusc.
1435 3605 1561 3662 VIII,
1585 3609 1682 3650 253.

1859 3690 1936 3733 16*
