2548 4218
432 283 532 330 246

430 425 592 471 autem
634 422 907 472 desiderari
937 425 1163 487 Voigtius
1203 425 1321 473 dicit
1362 441 1569 488 poenam
1601 427 1756 491 Atrei,
1794 430 1878 492 qui
1906 433 2073 479 votum
2108 431 2300 479 Dianae

428 507 610 556 factum
650 509 945 572 neglexerit,
983 510 1213 573 Aeropae
1243 511 1543 560 adulterium
1573 528 1663 573 pro
1692 529 1855 575 poena
1881 516 1987 563 eius
2015 515 2300 564 habendum

429 609 536 643 esse
577 594 827 643 Robertus
878 611 952 643 me
992 595 1201 652 monuit3
1256 596 1558 646 conferenda
1598 603 1674 647 est
1713 601 1888 649 Minois
1926 602 2301 664 Pasiphaesque

429 679 613 742 fabula,
651 695 779 742 quae
818 681 1116 729 simillimum
1158 682 1364 744 praebet
1402 688 1763 746 argumentum.
1802 710 1871 718 —
1910 687 2008 734 Iam
2063 703 2173 736 cum
2212 703 2303 750 per

428 765 556 813 hanc
606 768 755 813 totam
809 766 1148 828 quaestionem
1202 769 1615 828 cognoverimus,
1677 770 1727 817 in
1779 771 2007 834 Epitoma
2064 773 2303 820 Vaticana

429 850 682 912 antiquam
734 853 783 898 et
832 851 1084 912 vulgarem
1147 851 1208 900 de
1249 851 1390 901 Atrei
1440 856 1488 901 et
1537 853 1790 916 Thyestae
1843 854 2051 904 discidio
2102 862 2302 905 exstare

428 935 662 996 fabulam,
700 951 806 984 eam
847 937 1045 985 omnino
1086 953 1183 985 non
1225 939 1396 986 valere
1435 937 1499 987 ad
1527 954 1613 987 eas
1642 955 1767 1002 quas
1795 941 2302 1004 quaerimustragoe-

429 1020 538 1069 dias
591 1021 1024 1084 recognoscendas
1089 1027 1310 1085 apparet.
1384 1023 1451 1071 At
1503 1040 1684 1072 novum
1731 1025 1891 1074 habeo
1941 1031 2303 1089 argumentum,

428 1122 525 1169 quo
565 1122 663 1156 non
704 1107 862 1155 solum
900 1107 986 1156 illa
1026 1109 1316 1157 coniectura
1355 1109 1690 1169 confirmatur,
1729 1110 1817 1158 sed
1856 1111 2001 1159 etiam
2042 1111 2202 1160 aditus
2237 1111 2300 1160 ad

426 1193 561 1255 ipsas
600 1192 883 1256 tragoedias
923 1193 1082 1257 datur,
1121 1194 1254 1256 quod
1295 1196 1508 1256 pertinet
1546 1196 1608 1243 ad
1647 1196 1778 1244 illam
1819 1196 1880 1244 de
1907 1195 2033 1245 Solis
2067 1212 2302 1260 regressu

427 1278 662 1327 fabulam.
762 1279 998 1327 Primitus
1062 1280 1358 1329 narrabatur
1413 1281 1576 1330 Solem
1636 1285 1750 1344 post
1805 1281 1990 1330 furtum
2048 1284 2302 1345 Thyestae

426 1366 707 1422 revertisse,
747 1365 880 1428 quod
923 1365 1069 1414 docet
1107 1367 1348 1415 canticum
1389 1367 1714 1428 Euripideum
1755 1371 1804 1415 et
1842 1368 2064 1416 narratio
2100 1369 2303 1431 Apollo-

426 1450 592 1498 dorea.
669 1451 936 1513 Euripides
986 1452 1035 1499 in
1087 1452 1326 1501 miraculo
1379 1453 1466 1501 illo
1507 1453 1740 1512 offendit,
1781 1452 1917 1515 quod
1956 1453 2109 1501 tradit
2147 1454 2304 1503 schol.

425 1536 508 1586 Or.
537 1538 638 1586 998
668 1537 797 1584 ABI:
836 1534 1098 1594 πιθανῶς
1126 1523 1156 1583 ὁ
1184 1524 1492 1603 Εὐριπίδης
1527 1529 1631 1585 τὸν
1661 1535 1851 1601 μῦθον
1877 1529 2270 1603 προσήρμοσεν
2293 1550 2303 1560 ·

426 1607 456 1668 ὁ
498 1612 602 1685 γὰρ
650 1612 883 1682 φυσικὸς
935 1614 1102 1685 λόγος
1147 1614 1251 1670 τὸν
1298 1610 1462 1686 ἥλιον
1502 1610 1865 1671 ἀποδείκνυσι
1902 1615 2004 1688 τὴν
2042 1618 2304 1672 ἐναντίαν

426 1698 586 1753 ἰόντα
624 1701 856 1770 πορείαν
894 1704 975 1771 τῷ
1016 1694 1261 1773 οὐρανῷ.
1337 1709 1449 1757 Huc
1489 1709 1635 1757 etiam
1664 1709 2061 1772 probabilissime
2086 1709 2306 1759 refertur

427 1792 520 1855 frg.
547 1793 642 1841 ine.
670 1796 795 1843 861:

769 1874 949 1940 δείξας
987 1870 1089 1943 γὰρ
1129 1867 1350 1943 ἄστρων
1387 1867 1492 1943 τὴν
1532 1873 1795 1928 ἐναντίαν
1835 1865 1974 1928 ὁδον

767 1955 976 2028 δήμους
1003 1950 1052 2011 τ’
1079 1952 1260 2012 ἔσωσα
1298 1961 1392 2013 καὶ
1430 1957 1718 2029 τύραννος
1753 1958 1965 2031 ὶζόμην.

426 2050 572 2110 Quae
602 2050 753 2098 verba
779 2050 818 2099 si
845 2051 1000 2100 Atreo
1029 2051 1304 2113 tribuimus,
1331 2053 1398 2100 ita
1424 2052 1763 2114 intellegenda
1789 2047 2040 2116 videntur,
2080 2055 2134 2101 ut
2161 2053 2304 2101 Euri-

425 2136 589 2200 pidem
613 2136 708 2185 hoe
729 2136 929 2186 finxisse
952 2140 1195 2201 putemUS,
1217 2139 1422 2186 Atreum
1446 2154 1543 2187 non
1562 2139 1690 2186 Iovis
1717 2139 1972 2198 miraculo,
1995 2138 2082 2187 sed
2101 2142 2306 2201 propter

429 2222 720 2284 sapientiam
762 2236 901 2271 suam
942 2222 1005 2270 ad
1045 2237 1125 2271 res
1166 2224 1408 2272 caelestes
1459 2224 1790 2286 pertinentem
1841 2239 1870 2272 a
1908 2225 2096 2287 populo
2136 2239 2305 2286 regem

426 2310 644 2356 creatum
665 2323 787 2356 esse.
826 2309 1009 2356 Nonne
1031 2309 1300 2371 Euripides
1321 2309 1429 2373 ipse
1452 2310 1720 2357 clarissime
1742 2309 2141 2358 incredulitatem
2164 2325 2303 2358 suam

425 2392 661 2456 patefecit
696 2394 745 2441 in
788 2394 980 2442 cantico
1019 2393 1106 2443 illo
1134 2396 1381 2457 Electrae,
1418 2396 1516 2455 ubi,
1555 2399 1818 2458 postquam
1853 2396 2107 2459 vulgarem
2145 2395 2306 2458 opini-

426 2493 567 2527 onem
595 2479 818 2541 protulit,
856 2480 979 2528 haec
1008 2480 1159 2528 adicit
1197 2478 1290 2539 (El.
1321 2483 1419 2531 737
1440 2479 1590 2544 sqq.):
1630 2476 1842 2544 λέγεται
1867 2492 1876 2501 ·
1899 2472 2004 2528 τὰν
2033 2474 2090 2528 δὲ
2114 2475 2307 2529 πίστιν

428 2556 667 2629 σμικρὰν
704 2552 836 2630 παρ>
877 2552 1046 2630 ἔμοιγ’
1086 2557 1207 2629 ἔχει,
1247 2561 1481 2631 στρέψαι
1519 2558 1738 2631 θερμὰν
1777 2553 1967 2615 οἷελίου
2002 2558 2307 2632 χρυσωπὸν

427 2642 594 2715 ἕδραν
646 2641 967 2712 ἀλλάξαντα
1020 2647 1284 2719 δυστυχίᾳ
1333 2647 1572 2716 βροτείῳ
1621 2649 1841 2710 θνατᾶς
1891 2643 2079 2700 ἕνεκεν
2132 2647 2304 2710 δίκας.

426 2735 697 2798 Sophocles
721 2738 1014 2785 miraculum
1037 2739 1271 2797 servavit,
1293 2737 1378 2786 sed
1403 2737 1580 2786 audaci
1607 2739 1991 2801 felicissimaque
2014 2742 2121 2787 arte
2142 2742 2305 2787 trans-

426 2822 591 2885 posuit
643 2827 755 2885 post
809 2839 978 2871 cenam
1018 2823 1299 2886 Thyestae,
1340 2840 1488 2887 quam
1528 2824 1686 2872 voluit
1725 2840 1874 2887 quam
1912 2824 2301 2873 horridissimam

427 2908 714 2971 depingere.
790 2910 897 2958 Hoc
936 2914 1149 2959 testatur
1176 2909 1430 2973 Statyllius
1458 2911 1672 2959 Flaccus
1709 2910 1879 2971 (Anth.
1908 2911 2013 2959 Pal.
2041 2911 2122 2972 IX,
2149 2904 2252 2974 98).
2267 2908 2304 2970 ¹)

505 3002 800 3065 Οἰδίποδες
840 3002 1019 3057 δισσοί
1059 3019 1117 3057 σε
1157 3005 1251 3057 καὶ
1289 2996 1547 3075 Ἠλέκτρη
1587 2998 1893 3075 βαρύμηνις

568 3088 662 3140 καὶ
703 3088 950 3150 δείπνοις
990 3088 1212 3153 ἐλαθεὶς
1234 3084 1445 3159 Άτρέος
1483 3082 1683 3153 Ἠέλιος

499 3166 641 3225 ἄλλα
687 3193 746 3226 τε
784 3175 1249 3239 πουλυπαθέσσι,
1290 3172 1644 3244 Σοφόκλεες,
1683 3167 1820 3244 ἀμφὶ
1859 3171 2159 3243 τυράννοις
2185 3178 2303 3228 κτλ.

570 3279 717 3326 Nunc
754 3294 875 3327 vero
917 3274 1203 3329 testimonio
1241 3280 1314 3328 illi
1353 3281 1401 3328 in
1439 3281 1614 3329 litteris
1642 3280 2071 3343 mythographicis
2099 3279 2304 3329 Graecis

425 3363 536 3426 uni,
587 3363 721 3425 quod
775 3363 982 3412 eandem
1035 3364 1235 3413 fabulae
1287 3365 1520 3424 formam,
1559 3366 1587 3413 i.
1615 3380 1654 3414 e.
1681 3366 1805 3415 Solis
1858 3380 2138 3428 regressum
2191 3367 2305 3428 post

427 3463 597 3496 cenam
649 3448 902 3511 Thyestae
955 3452 1195 3513 positum,
1250 3451 1483 3515 praebet,
1534 3451 1767 3500 maiorem
1813 3451 1958 3500 fidem
1999 3451 2305 3514 habebimus,

572 3598 605 3647 1)
640 3597 740 3642 Hoc
771 3598 1026 3644 Straussius
1058 3599 1221 3656 attulit,
1252 3600 1281 3644 1.
1304 3614 1341 3646 c.
1373 3614 1416 3657 p.
1441 3605 1507 3646 64.
