2548 4218
447 256 550 302 250

447 410 575 456 quae
603 395 891 443 coniectura
918 410 1027 443 cum
1062 411 1120 443 eo
1156 397 1404 460 convenit,
1429 396 1562 459 quod
1596 396 1892 461 Sophoclem
1922 414 2094 447 cenam
2123 397 2318 461 potissi·

446 495 576 527 mum
605 479 903 528 horrendam
929 480 1147 528 voluisse
1175 486 1557 543 repraesentare
1586 484 2003 532 concluseramus.
2050 485 2319 532 Praeterea

446 566 540 613 hoc
592 581 793 628 quoque
844 564 1084 614 Senecam
1125 582 1152 613 a
1199 565 1446 628 Sophocle
1495 571 1770 616 mutuatum
1822 583 1930 616 esse
1988 574 2135 630 puto,
2186 568 2316 630 quod

446 651 707 698 maximum
759 649 998 712 filiorum,
1049 651 1344 709 Tantalum,
1395 651 1824 700 adulescentulum
1874 652 2041 712 finxit,
2106 669 2319 716 quocum

444 736 773 783 altercaretur
812 739 968 798 pater.
1046 736 1153 784 Hac
1191 740 1298 784 arte
1327 735 1599 799 Sophocles
1627 736 1824 785 fabulae
1851 739 2095 786 actionem
2125 739 2320 787 variare

446 823 652 868 conatus
703 824 803 880 est,
855 835 965 868 cum
1004 819 1154 869 filium
1196 821 1433 869 audacem
1475 821 1728 870 credulum
1769 826 2080 887 sperantem,
2129 827 2317 886 patrem

446 907 648 954 anxium
703 905 1047 967 providentem
1100 906 1336 968 fingeret,
1376 906 1566 955 simodo
1606 907 1791 956 Accius
1830 923 1940 956 eum
1980 912 2180 958 secutus
2218 913 2318 967 est;

446 991 507 1039 cf.
533 991 624 1054 frg.
653 992 774 1052 IXa,
810 991 872 1040 de
900 1007 999 1054 quo
1028 991 1227 1041 Cicero:
1272 992 1445 1053 „Quae
1470 993 1553 1041 ille
1581 1009 1609 1040 a
1634 993 1754 1042 Iove
1783 997 1922 1042 ortus
1947 993 2050 1043 suis
2077 995 2323 1058 praecipit

445 1076 576 1125 filiis.
651 1077 822 1126 Nostis
850 1080 1031 1136 cetera,
1071 1077 1299 1126 nonneP:

615 1162 670 1210 Id
710 1162 844 1225 quod
887 1162 1023 1211 multi
1064 1162 1322 1211 invideant
1360 1163 1601 1227 multique
1639 1168 1876 1228 expetant
1912 1165 2153 1214 inscitiast

619 1248 900 1312 Postulare‚
937 1247 1030 1296 nisi
1070 1249 1288 1297 laborem
1331 1264 1522 1298 summa
1560 1265 1668 1298 cum
1710 1266 1830 1299 cura
1870 1249 2102 1300 ecferas.“
2145 1276 2216 1283 —

448 1334 506 1382 In
536 1335 742 1396 antiqua
767 1333 940 1382 fabula
965 1333 1053 1382 filii
1079 1334 1335 1397 Thyestae
1363 1339 1479 1383 sunt
1504 1334 1736 1398 infantes,
1763 1335 1822 1383 cf.
1843 1335 2024 1384 Aesch.
2045 1337 2139 1399 Ag.
2163 1338 2322 1386 1096:

447 1410 730 1483 κλαόμενα
767 1411 900 1466 τάδε
927 1414 1117 1485 βρέφη.
1157 1445 1222 1451 —-
1263 1421 1363 1468 Iam
1399 1421 1580 1483 quibus
1620 1420 1725 1469 fere
1764 1421 2071 1485 temporibus
2120 1421 2323 1471 fabulae

445 1505 624 1554 doctae
663 1506 776 1567 sint,
815 1521 945 1569 quae
987 1506 1114 1555 ratio
1153 1505 1283 1555 inter
1319 1506 1487 1555 ambas
1520 1507 1811 1569 intercedat,
1850 1522 2025 1557 eruere
2053 1507 2323 1571 quomodo·

451 1607 649 1655 cunque
676 1607 928 1641 conemur.
1002 1592 1272 1655 Euripides
1299 1591 1536 1654 fabulam,
1578 1609 1707 1656 quae
1736 1596 1810 1641 est
1838 1593 1900 1642 de
1926 1592 2056 1643 Solis
2082 1608 2325 1656 regressu,

445 1677 654 1741 pristino
710 1679 820 1727 1060
871 1678 1101 1740 retinuit,
1152 1673 1269 1727 licet
1320 1694 1426 1726 eam
1483 1678 1544 1726 ad
1595 1679 1801 1728 rationis
1855 1679 1993 1742 leges
2052 1695 2325 1728 accommo-

447 1765 664 1823 daverit,
713 1764 988 1828 Sophocles
1053 1765 1257 1828 egregio
1308 1764 1392 1814 illo
1446 1765 1806 1827 transponendi
1854 1765 2064 1815 artificio
2105 1766 2322 1815 fabulam

449 1851 682 1899 novavit:
723 1851 890 1914 itaque
928 1850 1090 1900 forma
1131 1850 1405 1913 Euripidea
1443 1851 1560 1899 mihi
1599 1852 1734 1915 prior
1773 1866 1882 1900 esse
1921 1851 2144 1913 videtur,
2181 1867 2323 1915 prae·

451 1937 618 1985 sertim
658 1951 766 1985 cum
813 1937 939 1985 tales
978 1936 1327 1985 miraculorum
1374 1937 1813 1999 interpretationes
1856 1936 2127 2002 praecipue
2166 1937 2327 2000 prima

451 2037 569 2071 suae
610 2023 775 2086 poesis
813 2026 975 2071 aetate
1012 2022 1236 2071 coluerit.
1311 2023 1412 2070 Iam
1442 2037 1559 2071 vero
1589 2038 1650 2071 ex
1678 2028 1795 2071 nota
1821 2023 1906 2071 illa
1932 2023 2326 2072 Acharnensium

450 2123 631 2157 scaena
680 2103 802 2170 (393
819 2105 963 2172 sqq),
999 2108 1048 2156 in
1095 2124 1194 2172 qua
1221 2108 1538 2171 Dicaeopolis
1575 2108 1637 2156 ab
1676 2108 1917 2172 Euripide
1956 2124 2150 2171 pannos
2175 2125 2324 2172 quam

448 2194 660 2242 maxime
699 2194 946 2243 laceratos
985 2193 1317 2257 sordidosque
1356 2181 1624 2253 mutuatur,
1665 2209 1848 2243 novum
1889 2194 1951 2243 ad
1991 2193 2325 2243 definiendum

448 2279 647 2328 fabulae
674 2279 977 2343 Euripideae
1016 2283 1212 2341 tempus
1251 2267 1601 2343 argumentum
1641 2279 1767 2329 sumi
1794 2295 1941 2343 posse
1969 2281 2084 2329 mihi
2113 2279 2327 2329 videtur.

450 2360 692 2424 Quamvis
744 2368 872 2413 enim
923 2381 983 2414 ex
1038 2366 1245 2428 antiqua
1295 2365 1462 2414 fabula
1501 2365 1816 2428 Dicaeopolis
1855 2365 1919 2415 ibi
1958 2368 2096 2429 petat
2132 2381 2325 2429 pannos

448 2450 515 2512 (v.
541 2455 670 2501 415:
724 2442 819 2509 δός
866 2465 961 2515 μοι
1013 2442 1211 2517 ῥάκιόν
1260 2466 1312 2499 τι
1353 2448 1458 2499 τοῦ
1498 2448 1746 2499 παλαιοῦ
1786 2444 2108 2516 δράματος),
2160 2455 2324 2517 tamen

450 2538 816 2601 antiquissimas
854 2540 1122 2601 propterea
1160 2538 1402 2587 noluerim
1443 2539 1536 2587 hoc
1581 2538 1690 2588 loco
1740 2538 1913 2587 afferri
1963 2542 2163 2602 putare,
2210 2539 2327 2601 quia

448 2625 832 2687 Aristophanem
874 2639 958 2673 eas
1009 2627 1230 2687 tantum,
1281 2639 1407 2687 quas
1453 2639 1513 2673 ex
1551 2624 1662 2687 ipsa
1699 2639 1884 2673 scaena
1924 2624 2135 2687 noverit,
2175 2624 2326 2672 citare

450 2714 837 2760 consentaneum
877 2713 966 2774 est,
1004 2710 1292 2773 praesertim
1330 2725 1442 2759 cum
1469 2725 1569 2758 non
1598 2709 1763 2773 verba,
1801 2709 1888 2758 sed
1918 2710 2076 2772 ipsum
2105 2709 2326 2758 habitum

451 2800 811 2859 aspectumque
864 2811 1192 2859 personarum
1245 2795 1421 2844 rideat.
1494 2795 1544 2845 Si
1597 2799 1759 2844 autem
1798 2795 2189 2858 Aristophanem
2226 2809 2325 2844 nou

455 2882 607 2930 multo
635 2886 750 2931 ante
788 2898 829 2931 a.
857 2885 962 2932 450
989 2885 1159 2931 natum
1199 2881 1352 2931 fuisse
1391 2881 1616 2930 homines
1655 2880 1788 2930 docti
1828 2884 1963 2929 recte
1991 2881 2329 2944 coniecerunt,

452 2968 534 3015 vix
590 2971 704 3016 ante
743 2984 784 3015 a.
812 2971 916 3018 440
956 2983 1063 3016 eum
1118 2967 1414 3030 spectaculis
1453 2966 1665 3030 publicis
1703 2965 1989 3015 interfuisse
2028 2967 2136 3014 iure
2175 2969 2326 3015 statu-

450 3068 618 3111 emus;
658 3051 848 3115 (pueris
887 3053 982 3102 hoc
1021 3054 1217 3102 licuisse
1257 3054 1483 3117 sequitur
1522 3068 1582 3101 ex
1622 3052 1705 3101 Ar.
1731 3051 1893 3101 Nubb.
1921 3044 2061 3110 539.)
2111 3052 2327 3100 Puerum

450 3142 612 3187 autem
675 3139 829 3187 vividi
885 3139 1069 3202 ingenii
1127 3155 1187 3188 ex
1244 3155 1301 3188 ea
1357 3141 1519 3188 aetate
1575 3139 1693 3187 talia
1744 3138 2034 3201 spectacula
2095 3137 2328 3186 memoria

451 3228 624 3273 tenere
679 3240 777 3273 non
832 3229 907 3274 est
958 3225 1251 3274 mirandum.
1326 3226 1502 3287 Itaque
1553 3223 1655 3272 fere
1693 3228 1807 3287 post
1844 3239 1887 3272 a.
1911 3226 2016 3274 440
2053 3222 2327 3286 Thyestam

452 3308 648 3358 doctam
706 3325 813 3359 esse
871 3311 1188 3360 statuendum
1247 3314 1336 3360 est.
1421 3309 1629 3358 Accedit
1684 3308 1818 3372 quod
1876 3308 1999 3357 illud
2052 3308 2329 3371 artificium,

453 3396 701 3458 supplices
740 3396 790 3443 in
829 3411 917 3445 ara
955 3396 1187 3445 sedentes
1224 3395 1509 3454 inducendi,
1549 3398 1784 3458 quantum
1824 3394 2065 3458 videmuS‚
2102 3394 2163 3443 ab
2195 3409 2327 3443 anno

452 3496 523 3529 ca.
565 3484 670 3531 430
733 3481 927 3530 demum
982 3482 1244 3545 Euripides
1300 3482 1500 3544 saepius
1550 3480 1801 3543 adhibuit,
1856 3481 1923 3529 ita
1979 3483 2033 3529 ut
2080 3480 2328 3543 Thyestes

453 3582 665 3630 quoque,
704 3568 752 3615 in
782 3583 881 3629 qua
908 3568 1026 3615 illud
1067 3568 1345 3617 occurrisse
1384 3567 1714 3631 suspicamur,
1750 3566 1817 3614 illi
1855 3565 2063 3630 tempori
2103 3566 2328 3629 proxima
