2548 4218
429 282 529 330 236

424 424 574 473 Tales
611 423 849 486 infantes,
900 425 1074 486 quales
1112 426 1257 475 etiam
1297 426 1465 490 plures
1503 428 1834 494 inveniemus,
1883 446 2059 480 revera
2098 430 2296 480 omnino

425 510 704 558 simulacris
739 515 1144 572 repraesentatos
1171 526 1279 560 esse
1305 515 1487 575 statu0‚
1527 515 1641 576 quia
1667 517 1836 578 pueris
1862 517 2092 565 minimae
2119 517 2296 565 aetatis

422 594 471 642 in
512 609 693 643 scaena
731 595 927 658 publica
963 596 1122 643 locum
1154 612 1253 644 non
1281 596 1433 646 fuisse
1461 603 1848 648 consentaneum
1877 605 1963 649 est.
2027 602 2296 650 Praeterea

422 679 517 728 hoc
555 680 793 742 respicias
833 695 1043 742 quaes0,
1081 681 1129 729 in
1169 681 1521 744 Aristophanis
1560 683 1775 732 Acharn.
1815 685 2026 734 eundem
2068 685 2294 735 Orestem

423 764 660 813 infantem
715 766 763 813 in
803 766 1012 828 Telephi
1055 766 1306 829 Euripidis
1344 767 1571 817 irrisione
1623 769 1930 833 cophino,
1985 772 2293 834 potissimum

425 854 586 900 autem
630 851 841 900 eundem
885 852 931 899 in
959 852 1508 914 Thesmophoriazusis‚
1547 854 1628 902 ubi
1669 855 1839 904 eadem
1879 871 2063 906 scaena
2089 857 2295 917 ridetur,

420 940 565 985 utre
603 937 654 985 in
699 936 904 985 infantis
945 938 1159 999 speciem
1200 941 1442 987 exornato
1481 940 1860 1002 repraesentari.
1935 942 2123 1002 Quibus
2162 958 2294 991 com-

420 1023 599 1069 mentis
653 1022 892 1070 comicum
950 1026 1071 1085 puto
1123 1039 1232 1072 eum
1281 1024 1440 1086 ipsum
1493 1040 1676 1074 morem
1716 1027 1981 1088 tragicum,
2032 1029 2294 1077 simulacra

419 1123 510 1170 pro
550 1106 826 1156 infantibus
853 1107 1181 1172 producendi,
1219 1108 1426 1158 ridicule
1464 1110 1681 1160 voluisse
1707 1111 1900 1175 imitari,
1937 1113 2066 1161 sicut
2092 1115 2294 1176 saepius

416 1192 639 1255 tragicae
677 1207 890 1240 scaena-e
927 1193 1155 1241 instituta
1194 1187 1257 1257 (e.
1284 1211 1330 1257 g.
1368 1186 1633 1262 μηχανήν,
1672 1187 2009 1261 ἐκκύκλημα)
2046 1199 2164 1246 iocis
2192 1199 2293 1248 suis

416 1278 717 1340 profanavit.
731 1276 770 1337 1)

559 1536 708 1584 Nunc
760 1536 1191 1598 Aristophanis
1249 1552 1378 1599 quae
1429 1536 1626 1600 quidem
1680 1541 1877 1587 exstant
1933 1539 2131 1589 fabulas
2181 1557 2290 1604 per-

416 1622 695 1671 lustremus.
772 1623 870 1670 Iam
921 1623 969 1670 in
1010 1617 1413 1672 Acharnensibus
1460 1625 1599 1687 pueri
1642 1624 1746 1672 sive
1785 1624 1982 1687 puellae
2020 1626 2070 1673 in
2110 1641 2292 1675 scaena

415 1709 740 1772 aspiciuntur,
779 1723 847 1756 sc.
886 1708 1015 1756 duae
1054 1709 1165 1757 illae
1191 1710 1499 1771 Megarensis
1538 1709 1751 1759 hominis
1789 1710 1932 1773 filiae,
1971 1727 2096 1774 quas
2134 1712 2214 1760 ille
2242 1713 2288 1761 in

413 1810 676 1858 porcorum
717 1794 1083 1843 similitudinem
1138 1811 1407 1844 conversas
1446 1796 1631 1844 vendit.
1707 1798 1980 1845 Versantur
2018 1799 2066 1846 in
2107 1813 2291 1847 scaena

413 1897 441 1928 a
493 1897 540 1929 v.
581 1883 889 1931 729—834.
962 1882 1093 1930 Num
1146 1881 1208 1930 de
1259 1883 1408 1931 meris
1461 1882 1737 1931 simulacris
1790 1882 2110 1947 cogitandum
2163 1883 2289 1943 sit‚2)

412 1967 641 2030 equidem
681 1968 1004 2016 vehementer
1040 1967 1229 2028 dubito,
1267 1984 1368 2016 non
1397 1972 1512 2031 tam,
1550 1969 1668 2030 quia
1696 1968 1848 2017 verba
1874 1970 2116 2018 nonnulla
2141 1974 2290 2033 poeta

413 2054 470 2102 iis
516 2053 750 2101 tribuisse
789 2052 987 2101 videtur
1038 2053 1182 2107 (7352
1233 2049 1559 2116 πεπρᾶσθαι
1596 2050 1946 2118 πεπρᾶσθαι,
1998 2057 2120 2115 780,
2171 2058 2290 2118 801,

412 2142 538 2203 802,
589 2142 713 2199 803:
765 2132 879 2198 κοΐ,
932 2132 1069 2199 κοΐ),
1120 2155 1268 2202 quam
1309 2140 1425 2202 quia
1465 2140 1572 2202 ipso
1611 2140 1698 2188 illo
1739 2141 1848 2189 loco
1888 2140 2020 2189 haud
2060 2141 2289 2204 ambigue

411 2227 542 2274 actio
595 2225 872 2288 puellarum
911 2225 1159 2273 indicatur
1210 2225 1356 2284 (7442
1404 2211 1527 2272 ἀλλ’
1567 2211 1887 2289 ἀμφίθεσθε
1924 2221 2019 2273 καὶ
2054 2221 2181 2274 ταδὶ
2218 2217 2289 2274 τὰ

410 2302 623 2376 ῥύγχια,
649 2300 913 2374 κῆπειτεν
932 2303 1006 2367 εἰς
1026 2299 1130 2358 τὸν
1156 2302 1367 2358 σάκκου
1395 2296 1494 2358 ὧδ’
1521 2304 1838 2374 ἐμβαίνετε).
1879 2312 1952 2360 Α6
1978 2313 2019 2360 si
2045 2315 2284 2374 quantum

409 2396 603 2445 ridiculi
645 2396 886 2445 haberent
923 2396 1047 2444 tales
1086 2398 1322 2458 actiones,
1359 2400 1555 2459 poetam
1598 2413 1697 2446 non
1737 2397 1994 2460 ignorasse
2035 2402 2185 2461 atque
2223 2399 2285 2448 ob

409 2482 458 2531 id
516 2483 673 2545 ipsum
732 2482 849 2530 talia
897 2481 1100 2531 finxisse
1152 2481 1546 2545 consideramuS,
1603 2482 1810 2532 credere
1862 2499 1961 2532 non
2025 2498 2287 2547 possumus

407 2667 726 2719 praesentatus
759 2666 845 2718 est,
876 2676 978 2707 cum
1010 2662 1209 2718 pedibus
1241 2662 1454 2707 ambulet.
1516 2662 1610 2708 Sed
1641 2666 1691 2708 ut
1720 2663 1765 2707 in
1797 2677 1853 2708 eo
1885 2663 2049 2708 artifex
2080 2665 2135 2710 ab
2157 2665 2284 2710 Euri-

406 2734 514 2790 pide
553 2734 764 2791 recessit,
804 2734 929 2791 quod
958 2747 1148 2790 puerum
1179 2733 1303 2777 humi
1333 2736 1545 2790 stantem,
1576 2747 1670 2778 non
1701 2735 1756 2779 ab
1787 2734 2028 2790 Iphigenia
2057 2735 2284 2780 sublatum

405 2805 550 2862 finxit,
581 2806 643 2849 ita
672 2819 730 2850 ne
755 2805 843 2849 hoc
865 2805 1063 2861 quidem,
1095 2805 1220 2861 quod
1242 2818 1345 2849 eum
1366 2805 1583 2849 maiorem
1604 2806 1979 2861 repraesentavit,
2011 2819 2068 2850 ex
2090 2817 2285 2851 scaenae

405 2881 596 2932 aspectu
641 2876 897 2932 profectum
944 2889 1048 2921 esse
1093 2876 1370 2932 putabimus,
1451 2876 1590 2921 Adde
1640 2877 1765 2933 quod
1802 2876 2197 2933 Agamemnonem
2237 2877 2284 2920 in

405 2948 568 2992 throno
602 2948 841 2992 sedentem
873 2946 997 3003 fecit,
1028 2947 1154 3004 quod
1183 2947 1333 3004 ipsum
1366 2960 1550 3004 quoque
1571 2961 1673 2992 cum
1695 2951 1861 3003 poetae
1882 2947 2075 2992 consilio
2094 2951 2284 3004 pugnat.

404 3019 510 3064 Vid.
541 3023 607 3064 50.
639 3019 756 3063 Berl.
788 3019 1317 3075 Winckelmannsprogr.
1354 3023 1477 3075 1890,
1507 3033 1550 3074 p.
1574 3022 1644 3064 51.

549 3106 583 3161 1)
615 3105 762 3150 Etiam
796 3109 957 3161 quarto
980 3117 1018 3149 a.
1040 3104 1141 3150 Chr.
1164 3104 1347 3150 saeculo
1369 3105 1607 3150 simulacra
1627 3118 1710 3162 pro
1732 3104 1981 3149 infantibus
2002 3107 2048 3148 in
2070 3117 2280 3150 scaenam

402 3176 588 3220 inducta
616 3188 720 3220 esse
743 3177 880 3221 docet
899 3175 984 3233 frg.
1006 3189 1063 3221 ex
1084 3177 1284 3222 Hectore
1306 3176 1657 3235 Astydamantis
1678 3176 1862 3221 alterius
1886 3180 2133 3233 sumptum,
2156 3177 2281 3234 quod

402 3248 469 3292 sic
498 3248 623 3304 apud
653 3247 908 3292 Nauckium
938 3248 1200 3293 restitutum
1230 3247 1448 3304 legimus:

915 3314 1046 3371 δέξαι
1077 3324 1222 3377 κυνῆν
1250 3334 1349 3375 μοι,
1380 3313 1621 3377 πρόσπολ’
1642 3351 1653 3363 .
1675 3355 1685 3365 .
1709 3354 1719 3363 .

911 3386 974 3447 μὴ
1007 3388 1086 3434 καὶ
1118 3392 1316 3448 φοβηθῇ
1347 3395 1472 3443 παῖς.

401 3461 618 3507 Nimirum
648 3461 890 3518 Astyanax
921 3466 994 3506 est
1033 3462 1330 3519 cogitandus,
1372 3462 1450 3518 qui
1479 3464 1530 3506 ut
1558 3460 1709 3506 infans
1741 3461 1984 3506 simulacro
2015 3474 2279 3518 repraesen-

399 3537 523 3578 tatus
554 3538 638 3579 est.
698 3533 1023 3590 Fragmentum
1053 3534 1286 3579 Robertus
1316 3533 1424 3577 mihi
1454 3533 1672 3579 ostendit.

544 3605 578 3663 2)
610 3605 744 3660 Quod
774 3605 971 3650 coniecit
1001 3605 1051 3650 Ο.
1072 3605 1247 3663 Mffller,
1277 3604 1627 3661 Hist.Litt.11⁴‚
1653 3608 1717 3650 13.
