2548 4218
2052 279 2152 325 293

282 416 445 463 locum
502 415 689 463 tribuit.
782 416 1024 464 Nimirum
1093 430 1202 464 cum
1261 431 1377 464 vere
1446 415 1715 479 sophistico
1772 416 2040 465 meditandi
2097 432 2155 465 ac

284 499 569 562 disputandi
599 516 764 548 amore
793 500 970 549 ductus
997 516 1081 549 eas
1109 502 1424 564 quaestiones
1451 502 1500 549 in
1539 502 1647 564 ipsa
1685 516 1865 550 scaena
1904 504 2156 561 tractaret,

279 600 408 646 quae
446 584 671 632 homines
710 589 828 634 tunc
867 586 1075 634 maxime
1104 586 1352 634 vexabant
1371 584 1422 645 ¹),
1462 585 1525 634 ad
1566 602 1670 634 eam
1712 587 1984 635 communis
2023 587 2152 635 vitae

279 668 539 730 imaginem
569 667 935 731 depingendam
962 670 1131 732 pueris
1172 684 1341 718 carere
1382 685 1480 718 non
1520 670 1692 732 potuit.
1767 669 1997 732 Denique
2038 674 2156 718 nota

278 752 362 801 illa
398 753 710 816 liberalitate,
748 769 846 815 qua
881 755 959 802 vel
996 769 1168 803 servos
1195 754 1522 817 amplectitur,
1561 755 1729 818 pueris
1757 770 1959 818 quoque
1998 756 2153 803 verba

278 838 466 886 tribuit.
541 837 727 886 Eodem
763 842 974 901 spectat,
1013 839 1146 901 quod
1184 839 1414 898 infantes,
1455 854 1519 887 sc.
1547 839 1825 898 simulacra,
1866 840 2156 902 saepissime

278 922 524 981 adhibuit,
575 939 750 985 nempe
800 912 849 971 in
904 924 961 973 iis
1010 923 1215 983 fabuliS,
1265 925 1313 972 in
1369 924 1548 987 quibus
1587 924 1882 973 feminarum
1922 925 2155 973 scelestas

279 1007 577 1070 cupiditates
628 1008 889 1071 expressit,
943 1009 1115 1076 quales
1167 1010 1397 1058 materias
1448 1009 1510 1057 ab
1550 1009 1777 1058 omnibus
1816 1010 1996 1058 veteris
2035 1010 2155 1058 artis

279 1093 505 1155 patronis
563 1093 774 1141 maxime
831 1093 1121 1155 repudiatas
1184 1093 1312 1143 idem
1371 1093 1638 1156 Euripides
1692 1094 1740 1142 in
1798 1109 2027 1143 scaenam
2083 1095 2153 1142 in·

281 1175 482 1236 duxit.²)
509 1203 578 1209 -—
604 1176 700 1226 Sed
730 1177 1014 1227 addendum
1055 1181 1128 1227 est
1163 1179 1372 1228 alterum
1414 1180 1534 1227 artis
1561 1174 1860 1243 Euripideae
1900 1179 2153 1242 proprium

279 1265 430 1325 atque
480 1263 642 1324 ipsum
693 1278 893 1325 quoque
944 1263 1005 1312 ab
1051 1262 1388 1327 Aristophane
1439 1264 1730 1327 saepissime
1786 1265 2079 1328 castigatum
2096 1261 2151 1324 3),

279 1346 402 1395 illud
431 1346 561 1411 dico,
598 1347 730 1410 quod
769 1348 818 1396 in
859 1348 1123 1397 excitanda
1162 1349 1494 1411 spectantium
1535 1348 1873 1398 misericordia
1912 1365 2151 1398 summum

278 1433 444 1495 posuit
467 1432 706 1495 studium,
748 1432 865 1482 inde
892 1449 1145 1497 pannosae
1172 1434 1304 1496 illae,
1343 1434 1615 1497 mendicae,
1655 1434 1864 1483 claudae
1897 1450 2155 1498 personae,

279 1532 404 1580 quas
461 1519 779 1567 acerbissimo
837 1518 938 1567 risu
995 1519 1213 1568 comicus
1272 1521 1515 1582 exagitat:
1585 1520 1647 1568 ad
1711 1520 1840 1570 idem
1898 1521 2153 1570 consilium

279 1596 503 1666 (praeter
552 1603 602 1650 id
642 1602 776 1666 quod
817 1618 972 1666 supra
1009 1602 1172 1666 attigi)
1223 1620 1487 1667 puerorum
1543 1621 1742 1668 quoque
1796 1610 1978 1670 partes,
2028 1621 2154 1669 quos

280 1687 479 1750 quidem
534 1687 822 1751 saepissime
872 1688 952 1736 ille
990 1690 1166 1738 anxios
1205 1690 1514 1752 trepidantes
1553 1691 1728 1739 flentes
1765 1691 1974 1750 induxit,
2027 1691 2152 1740 refe·

281 1771 467 1820 rendas
494 1787 604 1821 esse
643 1772 873 1821 arbitror.
946 1773 1074 1821 Nam
1116 1778 1426 1837 quantopere
1464 1775 1550 1823 tali
1589 1775 1796 1824 artificio
1823 1775 2154 1825 Athenienses

280 1858 665 1921 delectarentur,
692 1858 825 1907 clare
847 1874 907 1907 ex
936 1859 1154 1908 moribus
1180 1860 1228 1908 in
1257 1860 1454 1909 iudiciis
1476 1861 1632 1910 obviis
1653 1863 1813 1925 potuit
1835 1877 2153 1925 cognoscere.

279 1944 470 1993 Scimus
535 1943 665 1992 enim
722 1944 1094 1993 usitatissimum
1159 1945 1593 2009 gratissimumque
1650 1962 1846 1996 reorum
1904 1947 2152 2010 refugium

279 2027 446 2088 fuisse,
497 2043 681 2077 uxores
730 2029 1017 2092 liberosque
1067 2030 1256 2090 fientes,
1309 2047 1519 2094 quorum
1569 2036 1778 2095 aspectu
1828 2033 2155 2095 lamentisque

278 2112 497 2162 iudicum
536 2114 927 2163 misericordiam
955 2119 1226 2175 moverent,
1261 2116 1309 2165 in
1336 2116 1570 2166 iudicium
1600 2117 1896 2180 producere.
1961 2118 2153 2178 Quibus

279 2198 577 2260 spectaculis
616 2201 926 2263 quantopere
965 2200 1121 2262 gavisi
1162 2201 1260 2249 sint
1297 2200 1503 2264 iudiceS,
1555 2202 1823 2251 clarissime
1864 2218 1924 2251 ex
1965 2203 2151 2252 Aristo-

277 2283 458 2346 phanis
497 2284 673 2346 Vespis
712 2278 985 2348 apparet.4)
1061 2285 1311 2335 SimiIIIma
1362 2286 1515 2336 fuisse
1566 2287 1652 2335 illa
1696 2288 1982 2350 spectacula
2020 2302 2158 2336 scae-

281 2383 459 2416 narum
517 2369 796 2417 actionibus
853 2370 933 2418 vel
984 2371 1213 2419 Socrates
1268 2371 1452 2419 indicat
1514 2371 1647 2434 apud
1705 2373 1991 2433 Platonem,
2049 2387 2156 2420 cum

279 2468 384 2500 eam
439 2469 587 2516 quam
641 2453 918 2502 detestatur
962 2470 1157 2504 reorum
1198 2456 1437 2504 rationem
1480 2457 1649 2505 iisdem
1690 2457 1853 2506 verbis
1893 2457 2158 2521 describat,

282 2537 463 2600 quibus
501 2538 700 2587 fabulae
741 2539 1142 2601 significantu1·.5)
1219 2541 1361 2601 Quae
1389 2556 1499 2589 cum
1538 2541 1606 2590 ita
1645 2543 1757 2606 sint,
1797 2559 1893 2591 non
1935 2544 2154 2606 ineptum

280 2626 355 2672 est
408 2624 636 2673 conicere
690 2624 979 2688 Euripidem
1033 2641 1093 2674 ex
1146 2626 1237 2674 hac
1288 2626 1649 2676 consuetudine
1700 2627 1961 2677 artificium
2012 2644 2153 2677 suum

431 2788 466 2845 1)
497 2786 556 2832 cf.
586 2789 664 2833 Ar.
694 2802 786 2834 ran.
810 2793 915 2834 959:
964 2792 1120 2834 οἰκεῖα
1152 2787 1395 2848 πράγματ’
1429 2788 1650 2848 εἰσάγων,
1696 2784 1766 2845 οἷς
1806 2789 2038 2850 χρώμεθ’,
2085 2786 2157 2846 οἷς

281 2854 531 2914 ξύνεσμεν.

422 2932 461 2986 2)
493 2930 552 2975 cf.
572 2930 650 2975 Ar.
674 2944 765 2977 ran.
792 2935 898 2976 1043
919 2946 1010 2989 sq.:
1043 2934 1232 2977 AIZX:
1265 2929 1363 2978 ἀλλ’
1386 2929 1442 2979 ου’
1461 2931 1529 2989 μὰ
1549 2934 1617 2978 Δί’
1639 2928 1695 2980 οὐ
1722 2935 1931 2993 Φαίδρας
1954 2931 2153 2980 ἐποίουν

277 2997 460 3059 πόρνας
482 2995 591 3047 οὐδὲ
619 3001 934 3062 Σθενεβοίας,
958 2999 1054 3048 οὐδ’
1077 2997 1163 3047 οἶδ’
1186 3000 1340 3057 οὐδεὶς
1361 2998 1504 3062 ἥντιν’
1528 3000 1718 3062 ἐρῶσαν
1738 3002 1924 3050 πώποτ’
1949 3002 2153 3063 ἐποίησα

279 3078 495 3128 γυναῖκα.

421 3145 458 3199 ³)
489 3143 546 3188 cf.
568 3142 647 3188 Ar.
670 3145 785 3189 Ach.
807 3149 911 3201 4133
944 3158 1040 3202 pac.
1069 3150 1147 3191 146
1166 3160 1291 3204 sqq.;
1322 3160 1416 3192 ran.
1440 3152 1656 3204 1063·sq.:
1697 3151 1892 3206 πρῶτον
1920 3146 2012 3203 μὲν
2042 3146 2154 3201 τοὺς

277 3210 622 3271 βασιλεύοντας
644 3212 769 3272 ῥάκι’
788 3211 1053 3274 ἀμπισχών,
1074 3211 1132 3260 ἵν’
1152 3212 1327 3262 ἐλεινοὶ
1342 3224 1442 3270 τοῖς
1460 3213 1737 3277 ἀνθρώποις
1754 3218 1986 3276 φαίνοιντ’
2015 3212 2151 3264 εἶναι.

422 3289 453 3338 ⁴)
484 3286 575 3331 vid.
599 3301 675 3330 vv.
698 3291 778 3331 568
797 3300 895 3344 sqq.
930 3289 1029 3341 Quo
1062 3302 1120 3333 ex
1140 3288 1243 3333 loco
1276 3289 1412 3334 etiam
1445 3289 1531 3334 hoc
1561 3291 1762 3346 perspici
1792 3294 1961 3347 potest,
1994 3291 2151 3347 quanti

278 3356 589 3402 Athenienses
620 3356 812 3403 fecerint
848 3359 977 3402 vocis
1016 3359 1202 3414 puerilis
1235 3360 1530 3414 suavitatem,
1561 3361 1624 3404 ita
1654 3366 1704 3405 ut
1734 3361 1822 3406 hoc
1868 3375 2050 3418 quoque
2092 3376 2150 3406 ex

278 3427 445 3472 iudicio
475 3428 738 3485 Euripidem
774 3429 1118 3485 deprompsisse
1150 3430 1281 3476 facile
1311 3432 1580 3487 suspiceris:
1614 3429 1658 3476 εἰ
1683 3430 1774 3487 μὲν
1802 3431 1986 3490 χαίρεις
2007 3428 2152 3490 ἄρνος

279 3501 429 3554 φωνῇ,
459 3496 628 3545 παιδὸς
659 3497 822 3556 φωνὴν
855 3493 1081 3557 ἐλεήσεις.

422 3571 455 3628 ⁵)
485 3570 594 3615 Plat.
621 3570 760 3629 Apol.
783 3571 906 3616 Socr.
931 3585 976 3628 p.
998 3575 1064 3627 35,
1087 3572 1139 3616 B.
