2548 4218
431 294 535 343 260

433 435 743 482 commissam
783 447 893 482 esse
947 448 1007 481 ex
1047 431 1181 481 illius
1219 431 1486 494 hypothesi
1523 431 1720 494 scimus,
1773 429 2003 481 Orestem
2041 430 2304 494 parvulum

432 520 481 567 in
545 533 726 567 scaena
781 517 937 566 fuisse
993 518 1183 580 primus
1231 514 1287 565 Ο.
1314 514 1568 575 Iahnius1)
1619 531 1681 565 ex
1731 516 2008 566 simulacris
2056 514 2310 580 patefecit.

435 606 634 653 Novum
676 619 838 666 nuper
877 603 1211 651 testimonium
1241 602 1469 664 Pergami
1511 602 1741 650 effossum
1769 603 1860 663 est,
1897 601 2007 650 dico
2035 617 2150 650 arae
2177 601 2307 649 illius

434 690 651 752 ingentis
707 691 1021 751 ornamenta,
1092 687 1268 750 quibus
1326 690 1431 736 tota
1479 685 1695 749 Telephi
1753 684 1922 735 fabula
1973 686 2136 736 efficta
2185 689 2307 734 erat.

431 773 765 836 Tragoediam
803 774 1018 822 Atticam
1059 772 1160 821 illic
1199 771 1412 821 artifices
1451 776 1650 821 secutos
1690 786 1814 831 esse,
1854 775 1904 821 et
1937 770 2139 834 quidem
2168 770 2308 819 Euri-

431 859 561 923 pidis
600 860 873 922 Telephum
917 861 966 906 et
1003 858 1219 921 Augam‚
1258 854 1567 921 Robe1·tus,²)
1609 857 1693 920 qui
1734 857 1898 906 omnia
1935 871 1993 905 ea
2030 855 2308 918 fragmenta

432 945 679 1008 disposuit
706 947 856 1007 atque
883 944 1243 1007 interpretatus
1271 946 1362 1006 est,
1400 942 1630 991 ostendit.
1687 942 1866 1005 Itaque
1893 941 2111 991 fabulam
2140 945 2308 989 notam

431 1030 590 1091 illam,
646 1045 794 1092 quam
851 1029 913 1078 de
951 1028 1178 1091 Telepho
1219 1028 1452 1092 Hyginus
1491 1026 1607 1082 (fab.
1641 1025 1723 1086 01)
1775 1030 1965 1089 narrat,
2021 1026 2309 1089 tragoediae

433 1130 633 1178 quoque
685 1115 947 1177 supposuit
998 1113 1280 1177 Euripides.
1355 1113 1596 1161 Videmus
1653 1116 1815 1162 autem
1874 1114 1923 1161 in
1974 1110 2309 1161 monumentis

431 1201 529 1249 illis
567 1199 863 1263 Telephum,
901 1200 1110 1248 vulnere
1149 1201 1507 1261 aegrotantem,
1547 1213 1654 1246 cum
1695 1198 1923 1260 parvulo
1947 1196 2124 1247 Oreste
2163 1200 2309 1259 rapto

436 1285 498 1333 ad
540 1300 674 1333 aram
715 1284 992 1343 sedentem,
1044 1283 1302 1332 adstantes
1341 1282 1493 1331 duces
1533 1282 1860 1344 Graecorum,
1897 1282 2139 1346 imprimis
2178 1282 2309 1344 Aga-

434 1385 743 1419 memnonem
786 1371 966 1418 iratum
1006 1385 1114 1418 cum
1144 1369 1518 1432 Clytaemestra,
1559 1382 1702 1430 quae,
1739 1367 2013 1416 secundum
2041 1367 2312 1430 Hyginum,

432 1455 635 1504 videtur
683 1471 793 1504 cum
833 1455 1059 1517 Telepho
1113 1455 1442 1517 conspirasse.
1511 1453 1709 1502 ‘Scaena
1746 1453 1828 1501 illa
1867 1450 2014 1515 (quae
2052 1452 2201 1501 totius
2238 1451 2311 1500 fa-

432 1541 580 1590 bulae
632 1541 775 1604 quasi
829 1544 982 1604 caput
1021 1540 1218 1589 videtur
1264 1537 1454 1598 fuisse),
1509 1542 1564 1587 ut
1602 1538 1876 1602 Euripidea
1915 1541 2034 1587 nota
2072 1540 2179 1586 erat
2214 1537 2311 1586 iam

435 1643 499 1676 ex
540 1627 892 1690 Aristophanis
931 1626 1343 1675 Acharnensibus
1391 1628 1440 1673 et
1478 1623 2022 1687 Thesmophoriazusis‚
2076 1623 2157 1671 ubi
2196 1620 2311 1671 ridi-

437 1713 577 1762 culae
633 1713 934 1761 imitationes
992 1711 1132 1760 fiunt.
1206 1711 1484 1774 Utrobique
1541 1715 1703 1759 autem
1763 1713 1938 1772 aperte
1988 1707 2311 1770 Euripides

436 1801 707 1862 spectatur,
744 1812 959 1861 namque
998 1798 1048 1845 in
1077 1796 1488 1845 Acharnensibus
1529 1795 1728 1844 omnino
1756 1794 2075 1857 Dicaeopolis
2102 1793 2311 1855 Telephi

437 1883 695 1946 Euripidei
735 1884 838 1945 agit
876 1886 1061 1945 partes,
1099 1882 1646 1946 Thesmophoriazusas
1686 1885 1850 1929 autem
1889 1879 1953 1927 ad
1992 1893 2144 1927 unum
2172 1878 2312 1927 Euri-

436 1969 602 2032 pidem
647 1969 978 2018 vellicandum
1026 1972 1177 2017 totam
1221 1983 1335 2016 esse
1383 1967 1724 2029 compositam·
1763 1981 1862 2014 non
1914 1967 1988 2013 est
2038 1963 2173 2027 quod
2213 1979 2311 2012 mo·

437 2070 597 2104 neam.
654 2055 790 2117 Ergo
829 2054 1101 2102 absurdum
1141 2056 1217 2103 est
1254 2052 1461 2101 credere
1501 2052 1634 2100 illam
1670 2066 1900 2100 scaenam
1928 2049 2075 2112 (rapti
2103 2045 2312 2108 Orestis)

438 2157 535 2190 non
576 2140 731 2189 fuisse
770 2141 818 2187 in
859 2139 1086 2202 Telepho
1129 2138 1416 2201 Euripidea,
1455 2138 1588 2200 quod
1630 2132 2022 2194 Weckleiniusss)
2062 2150 2123 2183 ex
2161 2134 2312 2183 schol.

436 2228 520 2275 Ar.
551 2226 673 2275 Ach.
702 2228 802 2276 332
845 2225 1144 2274 concludere
1185 2223 1362 2278 voluit;
1402 2224 1613 2285 legimus
1646 2222 1712 2270 ibi
1740 2222 1886 2270 haec:
1924 2211 1997 2268 τὰ
2022 2213 2080 2268 δὲ
2103 2210 2314 2284 μεγάλα

435 2303 595 2376 πάθη
639 2295 942 2371 ὖποπαίζει
979 2306 1078 2376 τῆς
1126 2303 1455 2373 τραγῳδίας,
1508 2301 1628 2355 ἐπεὶ
1677 2302 1768 2354 καὶ
1808 2292 1837 2354 ὁ
1886 2297 2134 2369 Τήλεφος
2169 2294 2314 2352 κατὰ

437 2385 541 2445 τὸν
592 2387 1028 2461 τραγῳδοποιόν
1065 2385 1364 2458 Αἰσχύλον,
1419 2385 1511 2440 ἵνα
1561 2375 1696 2457 τύχῃ
1747 2381 1903 2457 παρὰ
1950 2395 2069 2448 τοῖς
2094 2379 2313 2455 Ἕλλησι

436 2478 728 2547 σωτηρίας,
765 2473 870 2529 τόν
908 2471 1160 2545 Ὀρέστην
1198 2470 1306 2543 εἶχε
1346 2470 1661 2538 συλλαβών.
1724 2468 2125 2543 παραπλήσιον
2163 2471 2224 2524 δέ
2259 2490 2313 2523 τι

435 2564 529 2616 καὶ
568 2562 628 2616 ἐν
667 2573 791 2625 ταῖς
833 2558 1416 2631 Θεσμοφοριαζούσαις
1455 2558 1730 2629 ἐποίησεν.
1800 2564 1922 2613 Utut
1959 2567 2124 2611 autem
2165 2563 2313 2610 huius

439 2656 533 2704 loci
573 2654 845 2703 difficultas
883 2652 967 2714 (de
1007 2668 1106 2716 quo
1146 2654 1242 2701 iam
1282 2667 1434 2715 supra
1472 2650 1540 2713 (p.
1563 2649 1686 2710 241)
1726 2648 1826 2714 egi)
1873 2648 2186 2714 expedienda
2223 2651 2312 2712 est,

439 2757 496 2790 eo
535 2741 584 2789 id
626 2756 724 2789 non
765 2739 826 2788 de
866 2734 1027 2787 medio
1068 2738 1271 2800 tollitur,
1321 2737 1457 2800 quod
1495 2736 1861 2799 Aristophanes
1900 2736 2020 2798 ipse,
2070 2750 2180 2783 cum
2219 2735 2310 2783 Te·

438 2829 573 2891 lephi
625 2841 819 2890 pannos
869 2826 931 2875 ab
973 2825 1212 2889 Euripide
1263 2825 1365 2887 peti
1417 2824 1600 2886 iubeat,
1657 2822 1795 2873 haud
1846 2822 2076 2885 ambigue
2115 2821 2313 2870 indicat.

439 2914 700 2974 Quomodo
739 2918 904 2962 autem
945 2927 1006 2961 ex
1048 2911 1143 2974 frg.
1167 2914 1327 2960 7272:

694 2995 968 3060 ἅπέπτὺσ’
995 3005 1205 3075 ἐχθροῦ
1245 3002 1434 3073 φωτὸς
1474 3000 1738 3073 ἔχθιστον
1775 3003 1936 3066 τέκος

438 3132 632 3192 raptum
674 3128 865 3178 Orestis
903 3129 953 3176 in
992 3127 1160 3176 fabula
1201 3143 1299 3176 non
1338 3122 1492 3175 fuisse
1532 3125 1760 3174 concludi
1799 3125 1968 3187 possit,
2014 3140 2112 3172 non
2153 3123 2313 3172 video.

441 3215 607 3275 Quid?
663 3215 749 3277 qui
802 3214 905 3263 odit
954 3213 1211 3273 infantem,
1269 3228 1436 3262 nonne
1485 3213 1526 3261 is
1571 3212 1875 3275 potissimum
1914 3210 1977 3259 ad
2017 3209 2313 3272 rapiendum

585 3396 620 3450 1)
652 3393 888 3450 Telephos
921 3407 963 3437 u.
985 3392 1181 3448 Troilos,
1212 3392 1316 3437 Kiel
1356 3396 1473 3436 1841.

583 3468 621 3522 2)
652 3464 882 3510 Jahrbuch
913 3465 995 3509 des
1026 3464 1220 3509 Kaiserl.
1241 3463 1459 3508 Deutsch.
1482 3462 1618 3507 Arch.
1639 3463 1751 3507 Inst.
1783 3462 1827 3505 II
1853 3463 2021 3519 (1887),
2052 3476 2094 3518 p.
2114 3463 2196 3505 244
2215 3473 2315 3517 sqq.

583 3538 620 3594 ³)
653 3536 965 3593 Sitzungsber.
998 3536 1080 3580 der
1109 3535 1400 3592 philos—hist.
1433 3534 1592 3580 Classe
1624 3534 1705 3579 der
1735 3534 1779 3579 k.
1802 3534 1927 3591 bayr.
1950 3532 2208 3577 Akademie
2238 3531 2320 3576 der

444 3608 742 3664 Wissensch.,
774 3608 1001 3653 Miinchen
1036 3611 1156 3664 1878,
1186 3621 1229 3663 p.
1251 3610 1331 3650 202
1349 3619 1450 3663 sqq.
