2548 4218
2056 307 2157 360 289

289 443 558 505 propterea
597 441 756 490 minus
795 445 973 506 agunt,
1013 443 1127 505 qnia
1167 443 1380 492 minores
1420 446 1537 492 natu
1578 445 1909 493 sunt.—--Iam
1949 447 2004 493 ut
2041 446 2164 494 haec

290 528 453 575 omnia
492 520 986 592 comprehendamus,
1034 544 1218 577 morem
1259 529 1408 589 illum,
1447 530 1495 577 in
1533 529 1794 591 tragoedia
1832 533 1981 593 certe,
2032 531 2159 579 viam

288 612 535 675 quandam
588 615 812 662 secutum
865 628 972 662 esse
1023 616 1230 678 constat,
1281 614 1330 663 in
1384 630 1482 677 qua
1519 615 1601 663 via
1639 615 1688 663 hi
1730 615 1845 663 anni
1885 615 2026 677 quasi
2065 618 2160 664 ter-

287 697 406 746 mini
432 698 682 747 statuendi
723 702 863 747 sunt:
902 702 1023 762 438,
1060 702 1177 758 430,
1217 702 1333 758 421,
1373 702 1490 749 415.
1565 700 1764 749 Scilicet
1789 701 1947 762 prima
1984 703 2163 763 aetate,

287 783 583 846 simulatque
637 799 742 832 mos
794 787 868 832 est
921 784 1167 843 inductus,
1216 785 1265 833 in
1317 799 1505 833 summa
1542 784 1635 833 fuit
1672 786 1834 847 gratia
1873 789 1922 834 et
1958 786 2162 850 honore,

288 867 469 916 deinde
507 868 678 931 paullo
718 871 794 916 est
820 883 1098 932 repr-essue,
1138 863 1301 918 donec
1338 869 1484 932 plane
1524 873 1598 918 est
1636 869 1871 918 abiectus.
1910 896 1980 902 -—
2019 870 2161 930 Quae

285 952 366 1001 lex
419 968 528 1002 cum
580 969 641 1002 ex
681 953 996 1017 Euripidis
1035 954 1244 1003 maxime
1285 954 1465 1003 fabulis
1504 956 1568 1003 sit
1605 956 1836 1018 repetita,
1890 959 2053 1004 tamen
2096 971 2159 1004 ne

285 1037 659 1101 Sophocleae
700 1037 916 1102 quidem,
948 1039 1017 1087 >de
1045 1054 1254 1101 quarum
1296 1039 1494 1102 quidem
1534 1041 1844 1103 temporibus
1882 1042 2003 1088 satis
2043 1056 2157 1090 con-

286 1125 398 1181 stat,
449 1124 491 1172 ei
545 1123 850 1186 obstrepunt.
923 1123 1068 1174 Adde
1121 1125 1253 1187 quod
1306 1125 1442 1174 tales·
1479 1141 1640 1174 mores
1692 1126 1904 1174 scaenici
1956 1142 2056 1174 non
2096 1127 2157 1174 ab

284 1208 444 1257 altero
482 1210 694 1270 tantum,
746 1207 831 1256 sed
884 1208 943 1256 ab
998 1212 1208 1271 utroque
1258 1213 1408 1272 poeta
1447 1210 1588 1258 simul
1626 1210 1852 1259 solebant
1889 1211 2157 1269 observari,

284 1308 395 1341 cum
435 1293 561 1340 alter
593 1297 783 1342 tantum
812 1308 981 1342 eorum
1023 1298 1198 1342 auctor
1236 1298 1379 1343 esset.
1454 1295 1679 1344 Comicos
1718 1311 1918 1359 quoque
1957 1311 2156 1360 pueros,

283 1381 407 1440 quot
439 1372 640 1440 quidem
668 1378 771 1426 noti
797 1381 927 1439 sunt,
955 1379 1224 1428 convenire
1266 1395 1375 1428 cum
1412 1380 1506 1428 hac
1545 1397 1691 1444 quam
1727 1382 2005 1430 invenimus
2046 1383 2154 1444 lege

283 1478 436 1526 supra
474 1463 866 1512 demonstratum
908 1468 996 1512 est.
1036 1489 1100 1496 ——

284 1770 288 1773 ,
424 1718 524 1767 Sed
551 1720 647 1767 iam
675 1720 842 1783 paullo
869 1720 1016 1768 altius
1043 1719 1092 1769 in
1121 1723 1378 1784 poetarum
1407 1721 1607 1784 ingenia
1641 1726 1790 1786 atque
1831 1725 2152 1785 cogitationes

283 1808 548 1868 penetrare
587 1820 844 1869 conemur,
894 1809 969 1866 ut,
1020 1807 1207 1854 simodo
1247 1808 1518 1871 continget,
1557 1824 1703 1871 quem
1743 1810 1791 1857 in
1832 1810 2028 1858 modum
2069 1826 2154 1859 eas

279 1893 451 1953 partes
501 1890 777 1939 fabularum
828 1892 1064 1954 propriae
1117 1892 1297 1940 actioni
1337 1893 1663 1956 inseruerint,
1712 1910 1858 1957 quem
1897 1895 2056 1943 locum
2095 1896 2153 1944 iis

281 1976 549 2025 caementis
576 1976 624 2024 in
652 1977 768 2025 totis
794 1976 1167 2039 tragoediarum
1196 1977 1433 2026 aedificiis
1467 1979 1741 2042 tribuerint,
1779 1981 2151 2043 perspiciamus,

281 2061 397 2109 Non
465 2060 572 2110 sine
639 2062 831 2110 ratione
901 2061 1102 2125 quidam
1160 2063 1275 2111 mihi
1334 2064 1604 2113 coniecisse
1661 2064 1922 2128 videntur,
1977 2069 2151 2128 poetas

280 2162 339 2195 eo
411 2148 578 2210 potius
654 2149 858 2198 consilio
924 2148 1133 2198 artificio
1190 2149 1276 2197 illo
1338 2164 1454 2197 usos
1514 2165 1643 2213 esse,
1706 2153 1761 2199 ut
1821 2153 2149 2213 spectantium

281 2232 520 2295 voluptati
573 2234 895 2296 inservirent,
948 2251 1094 2298 quam
1145 2250 1270 2283 unas
1320 2235 1368 2283 in
1423 2235 1776 2297 componendis
1815 2236 1994 2285 fabulis
2033 2238 2151 2286 artis

284 2317 420 2380 leges
458 2323 677 2377 secutos;
717 2319 855 2368 velut
881 2320 976 2369 hoc
1003 2320 1176 2383 negari
1204 2321 1399 2384 nequit,
1436 2321 1499 2369 ad
1527 2321 1912 2370 misericordiam
1952 2337 2150 2370 moven-

278 2403 388 2452 dam
430 2419 598 2453 omnes
637 2404 739 2454 fere
778 2407 994 2468 tragicos
1033 2421 1229 2468 pueros,
1279 2421 1363 2454 666
1404 2408 1624 2465 maxime,
1677 2407 1760 2469 qui
1801 2412 1995 2470 canant,
2043 2423 2150 2457 esse

278 2492 437 2551 aptoS.
510 2490 654 2539 Talia
705 2507 825 2540 vero
878 2492 1164 2554 spectacula
1215 2492 1505 2555 plebeculae
1559 2494 1768 2540 maxime
1818 2508 2013 2556 semper
2049 2493 2150 2556 pla-

279 2578 503 2624 cuerunt.
576 2576 785 2625 Accedit
823 2577 954 2639 quod
993 2579 1161 2641 pueris
1200 2578 1505 2639 potissimum
1543 2578 1777 2626 adhibitis
1814 2582 1991 2641 poetae
2031 2594 2149 2627 63116

277 2659 571 2710 artificiosas
619 2661 1007 2726 splendidasque
1048 2678 1256 2712 scaenae
1295 2664 1534 2727 imagines
1575 2679 1872 2726 componere
1912 2665 2148 2723 sciebant,

277 2746 344 2794 ita
396 2749 451 2795 ut
500 2762 683 2810 pueros
734 2763 854 2797 sane
906 2749 1026 2797 meri
1079 2749 1355 2798 ornamenti
1395 2765 1547 2798 causa
1585 2749 1817 2798 inductos
1856 2765 1963 2798 esse
2002 2750 2148 2799 facile

276 2831 364 2880 tibi
428 2833 746 2895 persuadeas
846 2834 994 2884 Tales
1057 2850 1182 2897 quas
1239 2834 1350 2883 dico
1414 2835 1654 2898 imagines
1721 2851 1820 2883 non
1893 2851 2018 2897 opus
2074 2839 2149 2885 est-

275 2917 500 2980 singulas
526 2919 726 2967 afferre:
764 2920 943 2968 Moneo
971 2919 1033 2986 de
1072 2920 1156 2968 illa
1182 2935 1374 2982 6636113,
1413 2936 1512 2983 qua
1538 2920 1838 2969 Alcestidem
1879 2921 2148 2983 aspicimus

275 3003 638 3065 moribundam,
694 3005 743 3052 in
802 3005 1025 3054 cubiculo
1082 3006 1350 3068 iacentem,
1404 3006 1659 3054 adstantes
1717 3006 1979 3054 Admetum
2037 3022 2145 3055 cnm

274 3088 466 3149 liberis,
516 3091 600 3152 qui
654 3089 979 3153 desperantes
1029 3090 1090 3138 ad
1144 3091 1323 3139 lectum
1364 3091 1748 3153 procumbentes
1795 3092 1937 3140 matri
1976 3107 2146 3140 manus

275 3174 550 3236 porrigunt.
612 3174 752 3235 Quae
791 3191 972 3224 6636113
1023 3192 1168 3239 quam
1222 3177 1342 3225 scite
1392 3177 1455 3224 sit
1505 3176 1833 3239 spectantium
1875 3177 2029 3226 oculis
2068 3193 2145 3225 ac-

274 3259 604 3319 commodata,
658 3261 737 3309 vel
787 3261 902 3310 inde
952 3265 1184 3324 apparet,
1241 3261 1374 3324 quod
1426 3277 1531 3309 63111
1584 3262 1873 3324 saepissime
1925 3262 1972 3310 in
2027 3263 2145 3311 artis

274 3344 603 3393 monumentis
655 3361 941 3409 expressam
983 3347 1220 3395 videmus.
1283 3346 1431 3395 ⁴Idem
1472 3347 1608 3395 valet
1646 3346 1707 3395 de
1746 3349 1881 3395 certo
1923 3347 2142 3409 quodam

273 3443 565 3478 scaenarum
594 3446 791 3493 genere,
830 3431 961 3494 quod
992 3431 1258 3494 Euripides
1287 3432 1593 3496 potissimum
1622 3432 1668 3480 in
1699 3431 1886 3480 deliciis
1913 3431 2144 3480 habuisse

271 3512 486 3577 videtur,
524 3516 715 3565 scilicet
765 3516 900 3579 quod
953 3518 1204 3579 supplices
1250 3531 1432 3579 pueros
1483 3532 1593 3565 cum
1635 3516 1874 3565 matribus
1913 3521 2000 3565 aut
2036 3517 2143 3565 aliis

273 3599 539 3649 maioribus
566 3604 687 3650 natu
716 3601 778 3649 ad
805 3617 939 3650 aram
982 3602 1241 3651 considere
1279 3617 1428 3665 saepe
1466 3602 1622 3651 iussit.
1697 3601 1841 3663 Quod
1882 3601 2142 3651 artificium
