<?xml version="1.0" encoding="UTF-8"?>
<!DOCTYPE html PUBLIC "-//W3C//DTD XHTML 1.0 Transitional//EN"
    "http://www.w3.org/TR/xhtml1/DTD/xhtml1-transitional.dtd">
<html xmlns="http://www.w3.org/1999/xhtml" xml:lang="en" lang="en">
 <head>
  <title>
</title>
<meta http-equiv="Content-Type" content="text/html;charset=utf-8" />
  <meta name='ocr-system' content='tesseract 3.04.00' />
  <meta name='ocr-capabilities' content='ocr_page ocr_carea ocr_par ocr_line ocrx_word'/>
</head>
<body>
  <div class='ocr_page' id='page_1' title='image "./depueroruminresc00haymuoft_0046.png"; bbox 0 0 2548 4218; ppageno 0'>
   <div class='ocr_carea' id='block_1_1' title="bbox 442 289 544 337">
    <p class='ocr_par' dir='ltr' id='par_1_1' title="bbox 442 289 544 337">
     <span class='ocr_line' id='line_1_1' title="bbox 442 289 544 337; baseline 0.029 -3"><span class='ocrx_word' id='word_1_1' title='bbox 442 289 544 337; x_wconf 81' lang='lat'>254</span> 
     </span>
    </p>
   </div>
   <div class='ocr_carea' id='block_1_2' title="bbox 434 425 2318 3348">
    <p class='ocr_par' dir='ltr' id='par_1_2' title="bbox 434 425 2318 1779">
     <span class='ocr_line' id='line_1_2' title="bbox 439 425 2314 496; baseline 0.002 -17"><span class='ocrx_word' id='word_1_2' title='bbox 439 430 618 494; x_wconf 88' lang='lat' dir='ltr'>goedia</span> <span class='ocrx_word' id='word_1_3' title='bbox 669 433 778 478; x_wconf 89' lang='lat' dir='ltr'>orta</span> <span class='ocrx_word' id='word_1_4' title='bbox 828 425 918 493; x_wconf 88' lang='lat' dir='ltr'>sit,</span> <span class='ocrx_word' id='word_1_5' title='bbox 971 429 1154 478; x_wconf 89' lang='lat' dir='ltr'>indicia</span> <span class='ocrx_word' id='word_1_6' title='bbox 1205 430 1504 492; x_wconf 90' lang='lat' dir='ltr'>quaerimus,</span> <span class='ocrx_word' id='word_1_7' title='bbox 1548 431 1787 496; x_wconf 89' lang='lat' dir='ltr'>primum,</span> <span class='ocrx_word' id='word_1_8' title='bbox 1835 435 1876 483; x_wconf 91' lang='lat' dir='ltr'>si</span> <span class='ocrx_word' id='word_1_9' title='bbox 1926 436 2197 484; x_wconf 87' lang='lat' dir='ltr'>Thracium</span> <span class='ocrx_word' id='word_1_10' title='bbox 2248 434 2314 483; x_wconf 89' lang='lat' dir='ltr'>fa-</span> 
     </span>
     <span class='ocr_line' id='line_1_3' title="bbox 439 514 2315 578; baseline 0.003 -14"><span class='ocrx_word' id='word_1_11' title='bbox 439 516 585 564; x_wconf 90' lang='lat' dir='ltr'>bulae</span> <span class='ocrx_word' id='word_1_12' title='bbox 625 516 838 564; x_wconf 90' lang='lat' dir='ltr'>colorem</span> <span class='ocrx_word' id='word_1_13' title='bbox 878 514 1184 578; x_wconf 75' lang='lat' dir='ltr'>respicimuS,</span> <span class='ocrx_word' id='word_1_14' title='bbox 1236 516 1536 566; x_wconf 89' lang='lat' dir='ltr'>monendum</span> <span class='ocrx_word' id='word_1_15' title='bbox 1589 522 1665 566; x_wconf 86' lang='lat' dir='ltr'>est</span> <span class='ocrx_word' id='word_1_16' title='bbox 1701 518 2081 569; x_wconf 79' lang='lat' dir='ltr'>Atheniensium</span> <span class='ocrx_word' id='word_1_17' title='bbox 2127 521 2315 570; x_wconf 85' lang='lat' dir='ltr'>animos</span> 
     </span>
     <span class='ocr_line' id='line_1_4' title="bbox 438 599 2315 667; baseline 0.003 -20"><span class='ocrx_word' id='word_1_18' title='bbox 438 615 570 648; x_wconf 92' lang='lat' dir='ltr'>anno</span> <span class='ocrx_word' id='word_1_19' title='bbox 623 600 820 648; x_wconf 79' lang='lat' dir='ltr'>circiter</span> <span class='ocrx_word' id='word_1_20' title='bbox 867 601 987 661; x_wconf 85' lang='lat'>436,</span> <span class='ocrx_word' id='word_1_21' title='bbox 1044 614 1111 648; x_wconf 90' lang='lat' dir='ltr'>sc.</span> <span class='ocrx_word' id='word_1_22' title='bbox 1151 614 1250 662; x_wconf 93' lang='lat' dir='ltr'>quo</span> <span class='ocrx_word' id='word_1_23' title='bbox 1302 599 1637 663; x_wconf 85' lang='lat' dir='ltr'><strong>Amphipolim</strong></span> <span class='ocrx_word' id='word_1_24' title='bbox 1690 601 1995 667; x_wconf 86' lang='lat' dir='ltr'>condebant,</span> <span class='ocrx_word' id='word_1_25' title='bbox 2051 604 2114 652; x_wconf 87' lang='lat' dir='ltr'>ad</span> <span class='ocrx_word' id='word_1_26' title='bbox 2157 604 2315 652; x_wconf 84' lang='lat' dir='ltr'>Thra-</span> 
     </span>
     <span class='ocr_line' id='line_1_5' title="bbox 440 684 2315 738; baseline 0.003 -5"><span class='ocrx_word' id='word_1_27' title='bbox 440 686 564 733; x_wconf 85' lang='lat' dir='ltr'>ciam</span> <span class='ocrx_word' id='word_1_28' title='bbox 621 685 833 734; x_wconf 82' lang='lat' dir='ltr'><strong>maxime</strong></span> <span class='ocrx_word' id='word_1_29' title='bbox 890 699 1160 734; x_wconf 89' lang='lat' dir='ltr'>conversos</span> <span class='ocrx_word' id='word_1_30' title='bbox 1227 684 1394 733; x_wconf 81' lang='lat' dir='ltr'>fuisse.</span> <span class='ocrx_word' id='word_1_31' title='bbox 1490 684 1794 736; x_wconf 88' lang='lat' dir='ltr'>Commercio</span> <span class='ocrx_word' id='word_1_32' title='bbox 1857 689 1986 736; x_wconf 92' lang='lat' dir='ltr'>enim</span> <span class='ocrx_word' id='word_1_33' title='bbox 2049 704 2160 738; x_wconf 93' lang='lat' dir='ltr'>cum</span> <span class='ocrx_word' id='word_1_34' title='bbox 2215 689 2315 738; x_wconf 86' lang='lat' dir='ltr'>illis</span> 
     </span>
     <span class='ocr_line' id='line_1_6' title="bbox 438 751 2316 838; baseline 0.002 -19"><span class='ocrx_word' id='word_1_35' title='bbox 438 770 559 819; x_wconf 91' lang='lat' dir='ltr'>locis</span> <span class='ocrx_word' id='word_1_36' title='bbox 589 776 697 820; x_wconf 90' lang='lat' dir='ltr'>orto</span> <span class='ocrx_word' id='word_1_37' title='bbox 724 773 900 833; x_wconf 81' lang='lat' dir='ltr'>gentes</span> <span class='ocrx_word' id='word_1_38' title='bbox 926 770 1037 819; x_wconf 90' lang='lat' dir='ltr'>illas</span> <span class='ocrx_word' id='word_1_39' title='bbox 1063 770 1480 834; x_wconf 82' lang='lat' dir='ltr'>septentrionales</span> <span class='ocrx_word' id='word_1_40' title='bbox 1514 786 1784 835; x_wconf 89' lang='lat' dir='ltr'>earumque</span> <span class='ocrx_word' id='word_1_41' title='bbox 1811 788 1972 822; x_wconf 87' lang='lat' dir='ltr'>mores</span> <span class='ocrx_word' id='word_1_42' title='bbox 2000 751 2136 838; x_wconf 85' lang='lat' dir='ltr'>apud</span> <span class='ocrx_word' id='word_1_43' title='bbox 2163 774 2316 824; x_wconf 89' lang='lat' dir='ltr'>Athe-</span> 
     </span>
     <span class='ocr_line' id='line_1_7' title="bbox 439 855 2315 922; baseline 0.002 -17"><span class='ocrx_word' id='word_1_44' title='bbox 439 857 636 906; x_wconf 88' lang='lat' dir='ltr'>nienses</span> <span class='ocrx_word' id='word_1_45' title='bbox 663 872 763 906; x_wconf 92' lang='lat' dir='ltr'>non</span> <span class='ocrx_word' id='word_1_46' title='bbox 792 857 950 905; x_wconf 90' lang='lat' dir='ltr'>solum</span> <span class='ocrx_word' id='word_1_47' title='bbox 976 856 1270 913; x_wconf 84' lang='lat' dir='ltr'>innotuisse,</span> <span class='ocrx_word' id='word_1_48' title='bbox 1309 855 1397 904; x_wconf 92' lang='lat' dir='ltr'>sed</span> <span class='ocrx_word' id='word_1_49' title='bbox 1423 856 1568 904; x_wconf 89' lang='lat' dir='ltr'>etiam</span> <span class='ocrx_word' id='word_1_50' title='bbox 1597 858 1754 920; x_wconf 88' lang='lat' dir='ltr'>magis</span> <span class='ocrx_word' id='word_1_51' title='bbox 1781 862 2038 922; x_wconf 90' lang='lat' dir='ltr'>respectas</span> <span class='ocrx_word' id='word_1_52' title='bbox 2064 873 2173 908; x_wconf 88' lang='lat' dir='ltr'>esse</span> <span class='ocrx_word' id='word_1_53' title='bbox 2200 875 2315 909; x_wconf 90' lang='lat' dir='ltr'>con-</span> 
     </span>
     <span class='ocr_line' id='line_1_8' title="bbox 437 940 2317 1016; baseline 0.002 -25"><span class='ocrx_word' id='word_1_54' title='bbox 437 945 730 991; x_wconf 89' lang='lat' dir='ltr'>sentaneum</span> <span class='ocrx_word' id='word_1_55' title='bbox 789 946 877 1016; x_wconf 77' lang='lat' dir='ltr'>est.</span> <span class='ocrx_word' id='word_1_56' title='bbox 951 943 1128 1005; x_wconf 90' lang='lat' dir='ltr'>Itaque</span> <span class='ocrx_word' id='word_1_57' title='bbox 1184 941 1318 990; x_wconf 87' lang='lat' dir='ltr'>haud</span> <span class='ocrx_word' id='word_1_58' title='bbox 1376 940 1478 990; x_wconf 86' lang='lat' dir='ltr'>scio</span> <span class='ocrx_word' id='word_1_59' title='bbox 1535 957 1598 990; x_wconf 89' lang='lat' dir='ltr'>an</span> <span class='ocrx_word' id='word_1_60' title='bbox 1658 942 1932 1005; x_wconf 86' lang='lat' dir='ltr'>Sophocles</span> <span class='ocrx_word' id='word_1_61' title='bbox 1989 959 2205 1008; x_wconf 89' lang='lat' dir='ltr'>quoque,</span> <span class='ocrx_word' id='word_1_62' title='bbox 2262 949 2317 994; x_wconf 92' lang='lat' dir='ltr'>ut</span> 
     </span>
     <span class='ocr_line' id='line_1_9' title="bbox 437 1026 2316 1092; baseline 0.001 -16"><span class='ocrx_word' id='word_1_63' title='bbox 437 1029 652 1077; x_wconf 87' lang='lat' dir='ltr'>Tereum</span> <span class='ocrx_word' id='word_1_64' title='bbox 694 1027 949 1086; x_wconf 85' lang='lat' dir='ltr'>scriberet,</span> <span class='ocrx_word' id='word_1_65' title='bbox 987 1026 1085 1075; x_wconf 90' lang='lat' dir='ltr'>illis</span> <span class='ocrx_word' id='word_1_66' title='bbox 1123 1026 1273 1075; x_wconf 89' lang='lat' dir='ltr'>rebus</span> <span class='ocrx_word' id='word_1_67' title='bbox 1312 1029 1587 1076; x_wconf 90' lang='lat' dir='ltr'>commotus</span> <span class='ocrx_word' id='word_1_68' title='bbox 1627 1028 1706 1091; x_wconf 88' lang='lat' dir='ltr'>sit,</span> <span class='ocrx_word' id='word_1_69' title='bbox 1743 1029 2036 1091; x_wconf 90' lang='lat' dir='ltr'>praesertim</span> <span class='ocrx_word' id='word_1_70' title='bbox 2072 1030 2316 1092; x_wconf 91' lang='lat' dir='ltr'>cumipse</span> 
     </span>
     <span class='ocr_line' id='line_1_10' title="bbox 437 1109 2314 1178; baseline 0.002 -17"><span class='ocrx_word' id='word_1_71' title='bbox 437 1115 626 1177; x_wconf 90' lang='lat' dir='ltr'>primus</span> <span class='ocrx_word' id='word_1_72' title='bbox 681 1129 786 1162; x_wconf 88' lang='lat' dir='ltr'>eam</span> <span class='ocrx_word' id='word_1_73' title='bbox 839 1113 1093 1162; x_wconf 86' lang='lat' dir='ltr'>materiam</span> <span class='ocrx_word' id='word_1_74' title='bbox 1147 1109 1498 1172; x_wconf 82' lang='lat' dir='ltr'>tractaverit.1)</span> <span class='ocrx_word' id='word_1_75' title='bbox 1574 1114 1709 1176; x_wconf 87' lang='lat' dir='ltr'>Ergo</span> <span class='ocrx_word' id='word_1_76' title='bbox 1760 1114 1932 1178; x_wconf 89' lang='lat' dir='ltr'>paullo</span> <span class='ocrx_word' id='word_1_77' title='bbox 1983 1118 2095 1177; x_wconf 89' lang='lat' dir='ltr'>post</span> <span class='ocrx_word' id='word_1_78' title='bbox 2141 1131 2184 1164; x_wconf 89' lang='lat' dir='ltr'>a.</span> <span class='ocrx_word' id='word_1_79' title='bbox 2211 1117 2314 1166; x_wconf 86' lang='lat'>436</span> 
     </span>
     <span class='ocr_line' id='line_1_11' title="bbox 443 1199 2315 1264; baseline 0.001 -16"><span class='ocrx_word' id='word_1_80' title='bbox 443 1200 658 1249; x_wconf 86' lang='lat' dir='ltr'>Tereum</span> <span class='ocrx_word' id='word_1_81' title='bbox 713 1199 907 1249; x_wconf 87' lang='lat' dir='ltr'>doctam</span> <span class='ocrx_word' id='word_1_82' title='bbox 962 1214 1073 1248; x_wconf 92' lang='lat' dir='ltr'>esse</span> <span class='ocrx_word' id='word_1_83' title='bbox 1123 1199 1230 1247; x_wconf 90' lang='lat' dir='ltr'>iure</span> <span class='ocrx_word' id='word_1_84' title='bbox 1285 1201 1574 1247; x_wconf 84' lang='lat' dir='ltr'>statuemus.</span> <span class='ocrx_word' id='word_1_85' title='bbox 1648 1199 1859 1248; x_wconf 85' lang='lat' dir='ltr'>Accedit</span> <span class='ocrx_word' id='word_1_86' title='bbox 1909 1200 2126 1249; x_wconf 89' lang='lat' dir='ltr'>alterum</span> <span class='ocrx_word' id='word_1_87' title='bbox 2171 1216 2315 1264; x_wconf 86' lang='lat' dir='ltr'>argu-</span> 
     </span>
     <span class='ocr_line' id='line_1_12' title="bbox 438 1282 2314 1349; baseline -0.001 -15"><span class='ocrx_word' id='word_1_88' title='bbox 438 1290 674 1335; x_wconf 88' lang='lat' dir='ltr'>mentum.</span> <span class='ocrx_word' id='word_1_89' title='bbox 718 1286 944 1349; x_wconf 75' lang='lat' dir='ltr'>&#39;Respice</span> <span class='ocrx_word' id='word_1_90' title='bbox 978 1300 1178 1348; x_wconf 85' lang='lat' dir='ltr'>quaeso,</span> <span class='ocrx_word' id='word_1_91' title='bbox 1218 1286 1404 1348; x_wconf 88' lang='lat' dir='ltr'>quanta</span> <span class='ocrx_word' id='word_1_92' title='bbox 1430 1282 1562 1332; x_wconf 89' lang='lat' dir='ltr'>inter</span> <span class='ocrx_word' id='word_1_93' title='bbox 1588 1283 1718 1332; x_wconf 91' lang='lat' dir='ltr'>hanc</span> <span class='ocrx_word' id='word_1_94' title='bbox 1743 1285 1988 1334; x_wconf 87' lang='lat' dir='ltr'>Procnam</span> <span class='ocrx_word' id='word_1_95' title='bbox 2017 1288 2065 1334; x_wconf 87' lang='lat' dir='ltr'>et</span> <span class='ocrx_word' id='word_1_96' title='bbox 2091 1285 2314 1335; x_wconf 86' lang='lat' dir='ltr'>Medeam</span> 
     </span>
     <span class='ocr_line' id='line_1_13' title="bbox 435 1368 2316 1435; baseline 0 -15"><span class='ocrx_word' id='word_1_97' title='bbox 435 1371 756 1435; x_wconf 89' lang='lat' dir='ltr'>Euripideam</span> <span class='ocrx_word' id='word_1_98' title='bbox 809 1370 1084 1420; x_wconf 86' lang='lat' dir='ltr'>intercedat</span> <span class='ocrx_word' id='word_1_99' title='bbox 1134 1368 1419 1418; x_wconf 89' lang='lat' dir='ltr'>similitudo.</span> <span class='ocrx_word' id='word_1_100' title='bbox 1493 1369 1672 1432; x_wconf 87' lang='lat' dir='ltr'>Neque</span> <span class='ocrx_word' id='word_1_101' title='bbox 1725 1371 1854 1419; x_wconf 92' lang='lat' dir='ltr'>enim</span> <span class='ocrx_word' id='word_1_102' title='bbox 1909 1370 2066 1420; x_wconf 91' lang='lat' dir='ltr'>solum</span> <span class='ocrx_word' id='word_1_103' title='bbox 2104 1374 2316 1434; x_wconf 88' lang='lat' dir='ltr'>utraque</span> 
     </span>
     <span class='ocr_line' id='line_1_14' title="bbox 436 1453 2317 1519; baseline -0.001 -13"><span class='ocrx_word' id='word_1_104' title='bbox 436 1473 578 1507; x_wconf 88' lang='lat' dir='ltr'>suum</span> <span class='ocrx_word' id='word_1_105' title='bbox 619 1457 791 1516; x_wconf 88' lang='lat' dir='ltr'>filium,</span> <span class='ocrx_word' id='word_1_106' title='bbox 831 1461 886 1505; x_wconf 93' lang='lat' dir='ltr'>ut</span> <span class='ocrx_word' id='word_1_107' title='bbox 924 1455 1155 1519; x_wconf 87' lang='lat' dir='ltr'>coniugis</span> <span class='ocrx_word' id='word_1_108' title='bbox 1192 1455 1401 1503; x_wconf 89' lang='lat' dir='ltr'>iniurias</span> <span class='ocrx_word' id='word_1_109' title='bbox 1441 1453 1730 1518; x_wconf 85' lang='lat' dir='ltr'>ulciscatur,</span> <span class='ocrx_word' id='word_1_110' title='bbox 1768 1454 2016 1517; x_wconf 88' lang='lat' dir='ltr'>interficit,</span> <span class='ocrx_word' id='word_1_111' title='bbox 2054 1455 2143 1504; x_wconf 88' lang='lat' dir='ltr'>sed</span> <span class='ocrx_word' id='word_1_112' title='bbox 2182 1459 2317 1504; x_wconf 91' lang='lat' dir='ltr'>utro·</span> 
     </span>
     <span class='ocr_line' id='line_1_15' title="bbox 434 1539 2318 1606; baseline -0.002 -14"><span class='ocrx_word' id='word_1_113' title='bbox 434 1544 581 1606; x_wconf 91' lang='lat' dir='ltr'>bique</span> <span class='ocrx_word' id='word_1_114' title='bbox 621 1543 795 1592; x_wconf 89' lang='lat' dir='ltr'>mulier</span> <span class='ocrx_word' id='word_1_115' title='bbox 833 1542 1062 1605; x_wconf 88' lang='lat' dir='ltr'>queritur</span> <span class='ocrx_word' id='word_1_116' title='bbox 1102 1539 1353 1589; x_wconf 87' lang='lat' dir='ltr'>crudelem</span> <span class='ocrx_word' id='word_1_117' title='bbox 1394 1554 1532 1589; x_wconf 91' lang='lat' dir='ltr'>suam</span> <span class='ocrx_word' id='word_1_118' title='bbox 1574 1543 1782 1600; x_wconf 90' lang='lat' dir='ltr'>sortem,</span> <span class='ocrx_word' id='word_1_119' title='bbox 1838 1555 1967 1604; x_wconf 90' lang='lat' dir='ltr'>quae</span> <span class='ocrx_word' id='word_1_120' title='bbox 2006 1555 2115 1589; x_wconf 91' lang='lat' dir='ltr'>cum</span> <span class='ocrx_word' id='word_1_121' title='bbox 2155 1541 2318 1590; x_wconf 84' lang='lat' dir='ltr'>saevis</span> 
     </span>
     <span class='ocr_line' id='line_1_16' title="bbox 436 1625 2317 1692; baseline -0.003 -14"><span class='ocrx_word' id='word_1_122' title='bbox 436 1629 740 1692; x_wconf 91' lang='lat' dir='ltr'>incultisque</span> <span class='ocrx_word' id='word_1_123' title='bbox 779 1628 903 1676; x_wconf 88' lang='lat' dir='ltr'>viris</span> <span class='ocrx_word' id='word_1_124' title='bbox 943 1630 1153 1691; x_wconf 87' lang='lat' dir='ltr'>cogatur</span> <span class='ocrx_word' id='word_1_125' title='bbox 1190 1627 1342 1675; x_wconf 88' lang='lat' dir='ltr'>vitam</span> <span class='ocrx_word' id='word_1_126' title='bbox 1391 1625 1575 1688; x_wconf 88' lang='lat' dir='ltr'>degere</span> <span class='ocrx_word' id='word_1_127' title='bbox 1614 1640 1676 1674; x_wconf 87' lang='lat' dir='ltr'>ex</span> <span class='ocrx_word' id='word_1_128' title='bbox 1714 1625 1877 1689; x_wconf 88' lang='lat' dir='ltr'>patria</span> <span class='ocrx_word' id='word_1_129' title='bbox 1913 1626 1963 1674; x_wconf 91' lang='lat' dir='ltr'>in</span> <span class='ocrx_word' id='word_1_130' title='bbox 2002 1626 2167 1674; x_wconf 90' lang='lat' dir='ltr'>aliena</span> <span class='ocrx_word' id='word_1_131' title='bbox 2203 1625 2317 1674; x_wconf 85' lang='lat' dir='ltr'>loca</span> 
     </span>
     <span class='ocr_line' id='line_1_17' title="bbox 437 1707 1584 1779; baseline -0.004 -16"><span class='ocrx_word' id='word_1_132' title='bbox 437 1716 661 1779; x_wconf 87' lang='lat' dir='ltr'>abrepta.</span> <span class='ocrx_word' id='word_1_133' title='bbox 737 1713 809 1764; x_wconf 83' lang='lat' dir='ltr'>Of.</span> <span class='ocrx_word' id='word_1_134' title='bbox 847 1712 997 1776; x_wconf 84' lang='lat' dir='ltr'>Soph.</span> <span class='ocrx_word' id='word_1_135' title='bbox 1026 1712 1083 1761; x_wconf 88' lang='lat' dir='ltr'>fr.</span> <span class='ocrx_word' id='word_1_136' title='bbox 1112 1715 1216 1763; x_wconf 86' lang='lat'>524</span> <span class='ocrx_word' id='word_1_137' title='bbox 1256 1713 1338 1768; x_wconf 86' lang='lat' dir='ltr'>(ex</span> <span class='ocrx_word' id='word_1_138' title='bbox 1377 1707 1584 1771; x_wconf 88' lang='lat' dir='ltr'>Tereo):</span> 
     </span>
    </p>

    <p class='ocr_par' dir='ltr' id='par_1_3' title="bbox 692 1799 1964 1877">
     <span class='ocr_line' id='line_1_18' title="bbox 692 1799 1964 1877; baseline -0.004 -14"><span class='ocrx_word' id='word_1_139' title='bbox 692 1811 802 1863; x_wconf 84' lang='grc' dir='ltr'>νῦν</span> <span class='ocrx_word' id='word_1_140' title='bbox 843 1809 891 1861; x_wconf 78' lang='grc' dir='ltr'>δ’</span> <span class='ocrx_word' id='word_1_141' title='bbox 917 1801 1085 1862; x_wconf 76' lang='grc' dir='ltr'><em>οὐδέν</em></span> <span class='ocrx_word' id='word_1_142' title='bbox 1126 1806 1233 1876; x_wconf 86' lang='grc' dir='ltr'><em>εἰμι</em></span> <span class='ocrx_word' id='word_1_143' title='bbox 1265 1806 1462 1877; x_wconf 84' lang='grc' dir='ltr'><em>χωρίς·</em></span> <span class='ocrx_word' id='word_1_144' title='bbox 1504 1799 1650 1858; x_wconf 76' lang='grc' dir='ltr'><em>ἀλλὰ</em></span> <span class='ocrx_word' id='word_1_145' title='bbox 1685 1799 1964 1869; x_wconf 80' lang='grc' dir='ltr'><strong><em>πολλάκις</em></strong></span> 
     </span>
    </p>

    <p class='ocr_par' dir='ltr' id='par_1_4' title="bbox 694 1887 1848 1965">
     <span class='ocr_line' id='line_1_19' title="bbox 694 1887 1848 1965; baseline -0.004 -17"><span class='ocrx_word' id='word_1_146' title='bbox 694 1892 901 1964; x_wconf 72' lang='grc' dir='ltr'><em>ἔβλεψα</em></span> <span class='ocrx_word' id='word_1_147' title='bbox 938 1888 1119 1962; x_wconf 80' lang='grc' dir='ltr'><em>ταύτῃ</em></span> <span class='ocrx_word' id='word_1_148' title='bbox 1156 1889 1260 1965; x_wconf 84' lang='grc' dir='ltr'>τὴν</span> <span class='ocrx_word' id='word_1_149' title='bbox 1300 1892 1625 1962; x_wconf 78' lang='grc' dir='ltr'><em>γυναικείαν</em></span> <span class='ocrx_word' id='word_1_150' title='bbox 1662 1887 1848 1958; x_wconf 82' lang='grc' dir='ltr'><em>φύσιν,</em></span> 
     </span>
    </p>

    <p class='ocr_par' dir='ltr' id='par_1_5' title="bbox 694 1972 1959 2049">
     <span class='ocr_line' id='line_1_20' title="bbox 694 1972 1959 2049; baseline -0.004 -15"><span class='ocrx_word' id='word_1_151' title='bbox 694 1980 770 2043; x_wconf 74' lang='grc' dir='ltr'>ὡς</span> <span class='ocrx_word' id='word_1_152' title='bbox 809 1972 981 2034; x_wconf 76' lang='grc' dir='ltr'><em>οὐδέν</em></span> <span class='ocrx_word' id='word_1_153' title='bbox 1019 1978 1196 2049; x_wconf 76' lang='grc' dir='ltr'><em>ἐσμεν.</em></span> <span class='ocrx_word' id='word_1_154' title='bbox 1254 1981 1310 2031; x_wconf 79' lang='grc' dir='ltr'>αἱ</span> <span class='ocrx_word' id='word_1_155' title='bbox 1348 1978 1469 2031; x_wconf 92' lang='grc' dir='ltr'><em>νέαι</em></span> <span class='ocrx_word' id='word_1_156' title='bbox 1505 1977 1608 2046; x_wconf 79' lang='grc' dir='ltr'>μὲν</span> <span class='ocrx_word' id='word_1_157' title='bbox 1646 1976 1718 2029; x_wconf 79' lang='grc' dir='ltr'>ἐν’</span> <span class='ocrx_word' id='word_1_158' title='bbox 1743 1973 1959 2047; x_wconf 83' lang='grc' dir='ltr'><em>πατρὸς</em></span> 
     </span>
    </p>

    <p class='ocr_par' dir='ltr' id='par_1_6' title="bbox 690 2056 1936 2137">
     <span class='ocr_line' id='line_1_21' title="bbox 690 2056 1936 2137; baseline -0.005 -17"><span class='ocrx_word' id='word_1_159' title='bbox 690 2061 939 2137; x_wconf 80' lang='grc' dir='ltr'><em>ἥδιστον,</em></span> <span class='ocrx_word' id='word_1_160' title='bbox 981 2060 1147 2134; x_wconf 81' lang='grc' dir='ltr'><em>οἶμαι,</em></span> <span class='ocrx_word' id='word_1_161' title='bbox 1189 2067 1370 2134; x_wconf 76' lang='grc' dir='ltr'><em>ζῶμεν</em></span> <span class='ocrx_word' id='word_1_162' title='bbox 1409 2056 1742 2132; x_wconf 77' lang='grc' dir='ltr'><em>ἀνθρώπων</em></span> <span class='ocrx_word' id='word_1_163' title='bbox 1780 2063 1936 2128; x_wconf 88' lang='grc' dir='ltr'><em>βίον·</em></span> 
     </span>
    </p>

    <p class='ocr_par' dir='ltr' id='par_1_7' title="bbox 691 2143 1908 2222">
     <span class='ocr_line' id='line_1_22' title="bbox 691 2143 1908 2222; baseline -0.006 -17"><span class='ocrx_word' id='word_1_164' title='bbox 691 2154 948 2222; x_wconf 75' lang='grc' dir='ltr'><em>τερπνῶς</em></span> <span class='ocrx_word' id='word_1_165' title='bbox 986 2143 1092 2220; x_wconf 81' lang='grc' dir='ltr'>γὰρ</span> <span class='ocrx_word' id='word_1_166' title='bbox 1133 2143 1218 2203; x_wconf 74' lang='grc' dir='ltr'>ἀεὶ</span> <span class='ocrx_word' id='word_1_167' title='bbox 1255 2149 1461 2212; x_wconf 82' lang='grc' dir='ltr'><em>παῖδας</em></span> <span class='ocrx_word' id='word_1_168' title='bbox 1499 2143 1666 2201; x_wconf 73' lang='grc' dir='ltr'><em>ἀνοία</em></span> <span class='ocrx_word' id='word_1_169' title='bbox 1703 2147 1908 2217; x_wconf 81' lang='grc' dir='ltr'><em>τρέφει.</em></span> 
     </span>
    </p>

    <p class='ocr_par' dir='ltr' id='par_1_8' title="bbox 693 2226 1831 2309">
     <span class='ocr_line' id='line_1_23' title="bbox 693 2226 1831 2309; baseline -0.005 -18"><span class='ocrx_word' id='word_1_170' title='bbox 693 2230 833 2291; x_wconf 79' lang='grc' dir='ltr'><em>ὅταν</em></span> <span class='ocrx_word' id='word_1_171' title='bbox 872 2230 921 2291; x_wconf 76' lang='grc' dir='ltr'>δ’</span> <span class='ocrx_word' id='word_1_172' title='bbox 949 2236 1004 2301; x_wconf 74' lang='grc' dir='ltr'>ἐς</span> <span class='ocrx_word' id='word_1_173' title='bbox 1040 2228 1179 2309; x_wconf 74' lang='grc' dir='ltr'><em>ἥβην</em></span> <span class='ocrx_word' id='word_1_174' title='bbox 1218 2226 1515 2304; x_wconf 65' lang='grc' dir='ltr'><em>ἐξικώμεθ)</em></span> <span class='ocrx_word' id='word_1_175' title='bbox 1543 2230 1831 2303; x_wconf 76' lang='grc' dir='ltr'><em>ἔμφρονες,</em></span> 
     </span>
    </p>

    <p class='ocr_par' dir='ltr' id='par_1_9' title="bbox 696 2314 1733 2392">
     <span class='ocr_line' id='line_1_24' title="bbox 696 2314 1733 2392; baseline -0.006 -15"><span class='ocrx_word' id='word_1_176' title='bbox 696 2314 990 2392; x_wconf 74' lang='grc' dir='ltr'><em>ὥθούμεθ’</em></span> <span class='ocrx_word' id='word_1_177' title='bbox 1019 2319 1127 2390; x_wconf 73' lang='grc' dir='ltr'>ἔξω</span> <span class='ocrx_word' id='word_1_178' title='bbox 1166 2322 1260 2375; x_wconf 84' lang='grc' dir='ltr'>καὶ</span> <span class='ocrx_word' id='word_1_179' title='bbox 1300 2316 1733 2390; x_wconf 74' lang='grc' dir='ltr'><em>διεμπολώμεθα</em></span> 
     </span>
    </p>

    <p class='ocr_par' dir='ltr' id='par_1_10' title="bbox 690 2398 1945 2479">
     <span class='ocr_line' id='line_1_25' title="bbox 690 2398 1945 2479; baseline -0.006 -15"><span class='ocrx_word' id='word_1_180' title='bbox 690 2411 851 2464; x_wconf 75' lang='grc' dir='ltr'><em>θεῶν</em></span> <span class='ocrx_word' id='word_1_181' title='bbox 885 2405 1175 2479; x_wconf 74' lang='grc' dir='ltr'><em>πατρῴων</em></span> <span class='ocrx_word' id='word_1_182' title='bbox 1211 2408 1330 2460; x_wconf 83' lang='grc' dir='ltr'>τῶν</span> <span class='ocrx_word' id='word_1_183' title='bbox 1367 2426 1428 2460; x_wconf 85' lang='grc' dir='ltr'>τε</span> <span class='ocrx_word' id='word_1_184' title='bbox 1467 2401 1773 2474; x_wconf 84' lang='grc' dir='ltr'><em>φυσάντων</em></span> <span class='ocrx_word' id='word_1_185' title='bbox 1815 2398 1945 2468; x_wconf 79' lang='grc' dir='ltr'><em>ἄπο,</em></span> 
     </span>
    </p>

    <p class='ocr_par' dir='ltr' id='par_1_11' title="bbox 693 2484 2127 2565">
     <span class='ocr_line' id='line_1_26' title="bbox 693 2484 2127 2565; baseline -0.006 -15"><span class='ocrx_word' id='word_1_186' title='bbox 693 2494 748 2549; x_wconf 80' lang='grc' dir='ltr'>αἱ</span> <span class='ocrx_word' id='word_1_187' title='bbox 785 2495 886 2565; x_wconf 75' lang='grc' dir='ltr'>μὲν</span> <span class='ocrx_word' id='word_1_188' title='bbox 923 2495 1121 2563; x_wconf 75' lang='grc' dir='ltr'><em>ξένους</em></span> <span class='ocrx_word' id='word_1_189' title='bbox 1158 2487 1301 2563; x_wconf 82' lang='grc' dir='ltr'><em>πρὸς</em></span> <span class='ocrx_word' id='word_1_190' title='bbox 1341 2486 1563 2563; x_wconf 75' lang='grc' dir='ltr'><em>ἄνδρας,</em></span> <span class='ocrx_word' id='word_1_191' title='bbox 1603 2489 1659 2544; x_wconf 79' lang='grc' dir='ltr'>αἱ</span> <span class='ocrx_word' id='word_1_192' title='bbox 1699 2490 1758 2544; x_wconf 79' lang='grc' dir='ltr'>δὲ</span> <span class='ocrx_word' id='word_1_193' title='bbox 1797 2484 2127 2559; x_wconf 83' lang='grc' dir='ltr'><em>βαρβάρους,</em></span> 
     </span>
    </p>

    <p class='ocr_par' dir='ltr' id='par_1_12' title="bbox 691 2569 1946 2651">
     <span class='ocr_line' id='line_1_27' title="bbox 691 2569 1946 2651; baseline -0.006 -16"><span class='ocrx_word' id='word_1_194' title='bbox 691 2580 748 2634; x_wconf 78' lang='grc' dir='ltr'>αἱ</span> <span class='ocrx_word' id='word_1_195' title='bbox 787 2573 835 2635; x_wconf 79' lang='lat'>‹5&#39;</span> <span class='ocrx_word' id='word_1_196' title='bbox 862 2580 938 2644; x_wconf 81' lang='grc' dir='ltr'>εἷς</span> <span class='ocrx_word' id='word_1_197' title='bbox 976 2573 1164 2651; x_wconf 79' lang='grc' dir='ltr'><em>ἀληθῆ</em></span> <span class='ocrx_word' id='word_1_198' title='bbox 1206 2572 1440 2648; x_wconf 76' lang='grc' dir='ltr'><em>δώμαθ’,</em></span> <span class='ocrx_word' id='word_1_199' title='bbox 1481 2575 1537 2630; x_wconf 79' lang='grc' dir='ltr'>αἱ</span> <span class='ocrx_word' id='word_1_200' title='bbox 1577 2569 1624 2630; x_wconf 80' lang='grc' dir='ltr'>δ’</span> <span class='ocrx_word' id='word_1_201' title='bbox 1651 2574 1946 2646; x_wconf 76' lang='grc' dir='ltr'><em>ἐπίρροθα.</em></span> 
     </span>
    </p>

    <p class='ocr_par' dir='ltr' id='par_1_13' title="bbox 690 2657 1911 2739">
     <span class='ocr_line' id='line_1_28' title="bbox 690 2657 1911 2739; baseline -0.006 -19"><span class='ocrx_word' id='word_1_202' title='bbox 690 2667 785 2720; x_wconf 86' lang='grc' dir='ltr'>καὶ</span> <span class='ocrx_word' id='word_1_203' title='bbox 822 2659 996 2739; x_wconf 72' lang='grc' dir='ltr'><em>ταῦτ’,</em></span> <span class='ocrx_word' id='word_1_204' title='bbox 1038 2661 1266 2719; x_wconf 77' lang='grc' dir='ltr'><em>ἐπειδὰν</em></span> <span class='ocrx_word' id='word_1_205' title='bbox 1305 2657 1555 2733; x_wconf 77' lang='grc' dir='ltr'><em>εὐφρόνη</em></span> <span class='ocrx_word' id='word_1_206' title='bbox 1596 2658 1761 2731; x_wconf 72' lang='grc' dir='ltr'><em>ζεύξῃ</em></span> <span class='ocrx_word' id='word_1_207' title='bbox 1797 2661 1911 2730; x_wconf 82' lang='grc' dir='ltr'><em>μία,</em></span> 
     </span>
    </p>

    <p class='ocr_par' dir='ltr' id='par_1_14' title="bbox 434 2743 2315 3348">
     <span class='ocr_line' id='line_1_29' title="bbox 687 2743 1946 2822; baseline -0.006 -16"><span class='ocrx_word' id='word_1_208' title='bbox 687 2745 870 2822; x_wconf 71' lang='grc' dir='ltr'><em>χρεών</em></span> <span class='ocrx_word' id='word_1_209' title='bbox 909 2749 1159 2804; x_wconf 80' lang='grc' dir='ltr'><em>ἐπαινεῖν</em></span> <span class='ocrx_word' id='word_1_210' title='bbox 1198 2749 1292 2802; x_wconf 88' lang='grc' dir='ltr'>καὶ</span> <span class='ocrx_word' id='word_1_211' title='bbox 1332 2749 1521 2802; x_wconf 83' lang='grc' dir='ltr'><em>δοκεῖν</em></span> <span class='ocrx_word' id='word_1_212' title='bbox 1560 2748 1751 2810; x_wconf 77' lang='grc' dir='ltr'><em>καλῶς</em></span> <span class='ocrx_word' id='word_1_213' title='bbox 1789 2743 1946 2814; x_wconf 75' lang='grc' dir='ltr'><em>ἔχειν.</em></span> 
     </span>
     <span class='ocr_line' id='line_1_30' title="bbox 435 2849 2314 2922; baseline -0.005 -14"><span class='ocrx_word' id='word_1_214' title='bbox 435 2860 614 2907; x_wconf 91' lang='lat' dir='ltr'>Nonne</span> <span class='ocrx_word' id='word_1_215' title='bbox 653 2858 973 2922; x_wconf 86' lang='lat' dir='ltr'>Euripideam</span> <span class='ocrx_word' id='word_1_216' title='bbox 1026 2857 1168 2905; x_wconf 89' lang='lat' dir='ltr'>nobis</span> <span class='ocrx_word' id='word_1_217' title='bbox 1209 2855 1435 2904; x_wconf 90' lang='lat' dir='ltr'>videmur</span> <span class='ocrx_word' id='word_1_218' title='bbox 1485 2852 1657 2902; x_wconf 87' lang='lat' dir='ltr'>audire</span> <span class='ocrx_word' id='word_1_219' title='bbox 1711 2851 2002 2900; x_wconf 75' lang='lat' dir='ltr'>mulierem?</span> <span class='ocrx_word' id='word_1_220' title='bbox 2076 2850 2198 2900; x_wconf 85' lang='lat' dir='ltr'>Cum</span> <span class='ocrx_word' id='word_1_221' title='bbox 2237 2849 2314 2899; x_wconf 88' lang='lat' dir='ltr'>his</span> 
     </span>
     <span class='ocr_line' id='line_1_31' title="bbox 437 2937 2315 3007; baseline -0.005 -15"><span class='ocrx_word' id='word_1_222' title='bbox 437 2944 666 2992; x_wconf 90' lang='lat' dir='ltr'>conferas</span> <span class='ocrx_word' id='word_1_223' title='bbox 704 2943 991 3007; x_wconf 88' lang='lat' dir='ltr'>praecipue,</span> <span class='ocrx_word' id='word_1_224' title='bbox 1030 2957 1158 3005; x_wconf 87' lang='lat' dir='ltr'>quae</span> <span class='ocrx_word' id='word_1_225' title='bbox 1186 2940 1363 2989; x_wconf 88' lang='lat' dir='ltr'>Medea</span> <span class='ocrx_word' id='word_1_226' title='bbox 1401 2940 1626 3002; x_wconf 88' lang='lat' dir='ltr'>loquitur</span> <span class='ocrx_word' id='word_1_227' title='bbox 1652 2937 1787 2999; x_wconf 88' lang='lat' dir='ltr'>apud</span> <span class='ocrx_word' id='word_1_228' title='bbox 1814 2937 1931 2985; x_wconf 87' lang='lat' dir='ltr'>Eur.</span> <span class='ocrx_word' id='word_1_229' title='bbox 1960 2951 2002 2984; x_wconf 90' lang='lat' dir='ltr'>a.</span> <span class='ocrx_word' id='word_1_230' title='bbox 2029 2951 2074 2983; x_wconf 90' lang='lat' dir='ltr'>v.</span> <span class='ocrx_word' id='word_1_231' title='bbox 2101 2938 2218 2986; x_wconf 82' lang='lat'>230.</span> <span class='ocrx_word' id='word_1_232' title='bbox 2244 2960 2315 2967; x_wconf 85' lang='grc'>-</span> 
     </span>
     <span class='ocr_line' id='line_1_32' title="bbox 437 3021 2315 3091; baseline -0.005 -13"><span class='ocrx_word' id='word_1_233' title='bbox 437 3029 621 3078; x_wconf 85' lang='lat' dir='ltr'>Contra</span> <span class='ocrx_word' id='word_1_234' title='bbox 674 3032 845 3091; x_wconf 89' lang='lat' dir='ltr'>aperte</span> <span class='ocrx_word' id='word_1_235' title='bbox 899 3030 1248 3090; x_wconf 89' lang='lat' dir='ltr'>argumentum</span> <span class='ocrx_word' id='word_1_236' title='bbox 1288 3023 1592 3088; x_wconf 88' lang='lat' dir='ltr'>Euripideae</span> <span class='ocrx_word' id='word_1_237' title='bbox 1628 3022 1884 3085; x_wconf 87' lang='lat' dir='ltr'>Thyestae</span> <span class='ocrx_word' id='word_1_238' title='bbox 1923 3021 1972 3070; x_wconf 90' lang='lat' dir='ltr'>in</span> <span class='ocrx_word' id='word_1_239' title='bbox 2013 3021 2107 3070; x_wconf 85' lang='lat' dir='ltr'>hac</span> <span class='ocrx_word' id='word_1_240' title='bbox 2144 3021 2315 3070; x_wconf 89' lang='lat' dir='ltr'>fabula</span> 
     </span>
     <span class='ocr_line' id='line_1_33' title="bbox 437 3106 2311 3176; baseline -0.003 -15"><span class='ocrx_word' id='word_1_241' title='bbox 437 3117 698 3163; x_wconf 83' lang='lat' dir='ltr'>tractatum</span> <span class='ocrx_word' id='word_1_242' title='bbox 741 3117 836 3176; x_wconf 79' lang='lat' dir='ltr'>est3</span> <span class='ocrx_word' id='word_1_243' title='bbox 881 3113 1025 3161; x_wconf 89' lang='lat' dir='ltr'>ambo</span> <span class='ocrx_word' id='word_1_244' title='bbox 1065 3115 1229 3161; x_wconf 88' lang='lat' dir='ltr'>autem</span> <span class='ocrx_word' id='word_1_245' title='bbox 1269 3112 1577 3174; x_wconf 85' lang='lat' dir='ltr'>argumenta,</span> <span class='ocrx_word' id='word_1_246' title='bbox 1618 3108 1698 3156; x_wconf 91' lang='lat' dir='ltr'>hic</span> <span class='ocrx_word' id='word_1_247' title='bbox 1725 3109 1862 3156; x_wconf 88' lang='lat' dir='ltr'>arcte</span> <span class='ocrx_word' id='word_1_248' title='bbox 1890 3121 2097 3168; x_wconf 87' lang='lat' dir='ltr'>conexa,</span> <span class='ocrx_word' id='word_1_249' title='bbox 2133 3106 2184 3155; x_wconf 90' lang='lat' dir='ltr'>in</span> <span class='ocrx_word' id='word_1_250' title='bbox 2211 3110 2311 3156; x_wconf 86' lang='lat' dir='ltr'>tae-</span> 
     </span>
     <span class='ocr_line' id='line_1_34' title="bbox 434 3192 2313 3263; baseline -0.004 -15"><span class='ocrx_word' id='word_1_251' title='bbox 434 3201 634 3248; x_wconf 90' lang='lat' dir='ltr'>triorem</span> <span class='ocrx_word' id='word_1_252' title='bbox 687 3202 875 3263; x_wconf 88' lang='lat' dir='ltr'>partem</span> <span class='ocrx_word' id='word_1_253' title='bbox 928 3200 1074 3246; x_wconf 90' lang='lat' dir='ltr'>aucta</span> <span class='ocrx_word' id='word_1_254' title='bbox 1126 3200 1266 3260; x_wconf 89' lang='lat' dir='ltr'>sunt,</span> <span class='ocrx_word' id='word_1_255' title='bbox 1324 3196 1394 3245; x_wconf 87' lang='lat' dir='ltr'>ita</span> <span class='ocrx_word' id='word_1_256' title='bbox 1446 3198 1501 3243; x_wconf 92' lang='lat' dir='ltr'>ut</span> <span class='ocrx_word' id='word_1_257' title='bbox 1552 3210 1645 3257; x_wconf 86' lang='lat' dir='ltr'>ego</span> <span class='ocrx_word' id='word_1_258' title='bbox 1698 3192 1924 3241; x_wconf 90' lang='lat' dir='ltr'>dubitare</span> <span class='ocrx_word' id='word_1_259' title='bbox 1964 3193 2048 3240; x_wconf 81' lang='lat' dir='ltr'>vix</span> <span class='ocrx_word' id='word_1_260' title='bbox 2086 3192 2313 3252; x_wconf 87' lang='lat' dir='ltr'>audeam,</span> 
     </span>
     <span class='ocr_line' id='line_1_35' title="bbox 435 3278 2314 3348; baseline -0.004 -15"><span class='ocrx_word' id='word_1_261' title='bbox 435 3285 554 3348; x_wconf 90' lang='lat' dir='ltr'>quin</span> <span class='ocrx_word' id='word_1_262' title='bbox 614 3285 698 3332; x_wconf 88' lang='lat' dir='ltr'>illa</span> <span class='ocrx_word' id='word_1_263' title='bbox 748 3283 846 3332; x_wconf 88' lang='lat' dir='ltr'>sint</span> <span class='ocrx_word' id='word_1_264' title='bbox 892 3284 1085 3347; x_wconf 88' lang='lat' dir='ltr'>priora,</span> <span class='ocrx_word' id='word_1_265' title='bbox 1139 3283 1266 3331; x_wconf 86' lang='lat' dir='ltr'>haec</span> <span class='ocrx_word' id='word_1_266' title='bbox 1307 3281 1476 3331; x_wconf 90' lang='lat' dir='ltr'>fabula</span> <span class='ocrx_word' id='word_1_267' title='bbox 1528 3280 1790 3343; x_wconf 88' lang='lat' dir='ltr'>posterior.</span> <span class='ocrx_word' id='word_1_268' title='bbox 1865 3279 1996 3326; x_wconf 80' lang='lat' dir='ltr'>Ante</span> <span class='ocrx_word' id='word_1_269' title='bbox 2042 3278 2314 3327; x_wconf 89' lang='lat' dir='ltr'>Herculem</span> 
     </span>
    </p>
   </div>
   <div class='ocr_carea' id='block_1_3' title="bbox 473 3396 621 3400">
    <p class='ocr_par' dir='ltr' id='par_1_15' title="bbox 473 3396 621 3400">
     <span class='ocr_line' id='line_1_36' title="bbox 473 3396 621 3400; baseline 0 0"><span class='ocrx_word' id='word_1_270' title='bbox 473 3396 621 3400; x_wconf 95' lang='lat' dir='ltr'> </span> 
     </span>
    </p>
   </div>
   <div class='ocr_carea' id='block_1_4' title="bbox 434 3456 2311 3661">
    <p class='ocr_par' dir='ltr' id='par_1_16' title="bbox 434 3456 2311 3661">
     <span class='ocr_line' id='line_1_37' title="bbox 579 3456 2311 3519; baseline -0.004 -13"><span class='ocrx_word' id='word_1_271' title='bbox 579 3463 613 3519; x_wconf 86' lang='lat'>¹)</span> <span class='ocrx_word' id='word_1_272' title='bbox 646 3461 702 3506; x_wconf 87' lang='lat' dir='ltr'>cf.</span> <span class='ocrx_word' id='word_1_273' title='bbox 733 3466 827 3506; x_wconf 92' lang='lat' dir='ltr'>not.</span> <span class='ocrx_word' id='word_1_274' title='bbox 858 3475 903 3518; x_wconf 90' lang='lat' dir='ltr'>p.</span> <span class='ocrx_word' id='word_1_275' title='bbox 924 3465 1020 3506; x_wconf 82' lang='lat'>252.</span> <span class='ocrx_word' id='word_1_276' title='bbox 1078 3462 1149 3505; x_wconf 90' lang='lat' dir='ltr'>De</span> <span class='ocrx_word' id='word_1_277' title='bbox 1181 3460 1374 3505; x_wconf 88' lang='lat' dir='ltr'>Thracia</span> <span class='ocrx_word' id='word_1_278' title='bbox 1406 3458 1654 3515; x_wconf 84' lang='lat' dir='ltr'>Sophoclei</span> <span class='ocrx_word' id='word_1_279' title='bbox 1684 3457 1823 3502; x_wconf 90' lang='lat' dir='ltr'>Terei</span> <span class='ocrx_word' id='word_1_280' title='bbox 1862 3456 2039 3514; x_wconf 91' lang='lat' dir='ltr'>indole,</span> <span class='ocrx_word' id='word_1_281' title='bbox 2081 3470 2183 3501; x_wconf 91' lang='lat' dir='ltr'>cum</span> <span class='ocrx_word' id='word_1_282' title='bbox 2222 3456 2311 3512; x_wconf 90' lang='lat' dir='ltr'>pri-</span> 
     </span>
     <span class='ocr_line' id='line_1_38' title="bbox 434 3527 2311 3590; baseline -0.003 -13"><span class='ocrx_word' id='word_1_283' title='bbox 434 3533 570 3578; x_wconf 88' lang='lat' dir='ltr'>mitus</span> <span class='ocrx_word' id='word_1_284' title='bbox 600 3533 738 3578; x_wconf 85' lang='lat' dir='ltr'>fuerit</span> <span class='ocrx_word' id='word_1_285' title='bbox 767 3533 1067 3590; x_wconf 87' lang='lat' dir='ltr'>Megarensis,</span> <span class='ocrx_word' id='word_1_286' title='bbox 1098 3531 1155 3577; x_wconf 87' lang='lat' dir='ltr'>cf.</span> <span class='ocrx_word' id='word_1_287' title='bbox 1187 3532 1332 3577; x_wconf 87' lang='lat' dir='ltr'>Hiller</span> <span class='ocrx_word' id='word_1_288' title='bbox 1362 3531 1420 3576; x_wconf 92' lang='lat' dir='ltr'>de</span> <span class='ocrx_word' id='word_1_289' title='bbox 1451 3530 1770 3587; x_wconf 82' lang='lat' dir='ltr'>Gaertringen,</span> <span class='ocrx_word' id='word_1_290' title='bbox 1801 3529 1859 3573; x_wconf 89' lang='lat' dir='ltr'>de</span> <span class='ocrx_word' id='word_1_291' title='bbox 1891 3529 2105 3574; x_wconf 86' lang='lat' dir='ltr'>Graecor.</span> <span class='ocrx_word' id='word_1_292' title='bbox 2127 3527 2219 3573; x_wconf 86' lang='lat' dir='ltr'>fab.</span> <span class='ocrx_word' id='word_1_293' title='bbox 2252 3527 2311 3571; x_wconf 82' lang='lat' dir='ltr'>ad</span> 
     </span>
     <span class='ocr_line' id='line_1_39' title="bbox 434 3603 1382 3661; baseline -0.002 -12"><span class='ocrx_word' id='word_1_294' title='bbox 434 3604 595 3651; x_wconf 85' lang='lat' dir='ltr'>Thrac.</span> <span class='ocrx_word' id='word_1_295' title='bbox 617 3604 783 3661; x_wconf 86' lang='lat' dir='ltr'>pertin.</span> <span class='ocrx_word' id='word_1_296' title='bbox 812 3603 962 3650; x_wconf 88' lang='lat' dir='ltr'>Berol.</span> <span class='ocrx_word' id='word_1_297' title='bbox 987 3607 1110 3661; x_wconf 81' lang='lat'>1886,</span> <span class='ocrx_word' id='word_1_298' title='bbox 1140 3616 1184 3659; x_wconf 84' lang='lat' dir='ltr'>p.</span> <span class='ocrx_word' id='word_1_299' title='bbox 1204 3606 1257 3647; x_wconf 80' lang='lat'>35</span> <span class='ocrx_word' id='word_1_300' title='bbox 1276 3615 1382 3660; x_wconf 89' lang='lat' dir='ltr'>sqq.</span> 
     </span>
    </p>
   </div>
  </div>
 </body>
</html>
