2548 4218
450 299 555 348 284

447 440 670 502 periculo
711 439 1011 489 constrictus
1048 441 1316 505 inducitur,
1354 458 1454 492 non
1494 444 1562 492 ita
1598 459 1652 493 se
1689 444 1878 507 gerit.¹)
1952 446 2110 496 Etiam
2140 448 2324 512 Eury-

447 538 641 572 sacem
682 521 1011 586 Sophocleum
1063 526 1299 575 maiorum
1339 526 1406 575 illi
1458 542 1725 591 puerorum
1767 531 1939 592 generi
1977 531 2323 581 ascribendum

447 608 600 671 ducO,
657 610 843 672 quippe
900 611 978 659 cui
1035 610 1167 660 haud
1227 611 1362 660 levia
1418 612 1481 662 ad
1534 614 1781 677 agendum
1833 618 1984 679 poeta
2036 618 2327 681 imposuerit

447 691 604 753 (1171
624 709 732 757 sqq.
759 698 808 744 et
849 699 984 746 1409
1001 693 1143 759 sqq.)‚
1193 712 1357 760 neque
1394 698 1443 746 in
1484 699 1642 762 patris
1679 715 1844 762 genua
1882 717 1991 751 eum
2031 703 2152 764 tolli,
2191 702 2327 766 quod

448 782 583 829 esset
608 778 811 828 infantis
846 781 926 829 vel
952 782 1179 844 pusionis
1218 783 1431 846 parvuli,
1470 798 1622 846 supra
1661 785 2015 836 demonstravi.
2089 788 2155 837 At
2192 787 2325 836 haud

444 865 547 913 scio
575 881 637 913 an
664 865 776 914 illae
803 866 1076 928 Eurysacis
1102 870 1270 929 partes
1298 868 1367 916 ita
1405 867 1559 918 nihilo
1597 870 1760 919 secius
1798 871 2008 935 cuipiam
2038 871 2323 936 descriptae

444 949 728 1015 videantur,
776 954 832 999 ut
870 966 991 1000 sane
1029 952 1227 1014 parvuli
1267 954 1460 1016 species
1497 955 1603 1003 eius
1642 957 1804 1005 animo
1844 957 2151 1007 obversetur.
2225 957 2323 1007 Sed

444 1034 678 1097 quoniam
729 1037 928 1085 omnino
979 1037 1252 1102 Sophocles
1310 1054 1410 1088 non
1459 1039 1586 1089 adeo
1638 1045 1789 1104 atque
1839 1042 2106 1106 Euripides
2155 1043 2326 1107 pueris

444 1135 566 1169 usus
605 1137 714 1170 esse
754 1121 971 1181 videtur,
1025 1138 1135 1171 cum
1187 1125 1268 1173 vix
1310 1139 1460 1174 ausus
1501 1126 1565 1175 sit
1616 1142 1701 1176 eos
1740 1128 1959 1190 ipsorum
2000 1129 2324 1192 cogitationes

445 1206 612 1254 verbis
640 1207 720 1256 vel
748 1210 890 1270 gestu
919 1209 1202 1271 exprimere
1242 1210 1416 1260 iubere
1433 1209 1487 1270 2),
1527 1226 1587 1260 ex
1616 1228 1675 1261 ea
1703 1213 1975 1276 Eurysacis
2015 1217 2322 1264 ceterorum-

442 1307 539 1353 que
593 1293 958 1356 tranquillitate
996 1295 1077 1342 vel
1116 1294 1376 1344 timiditate
1416 1297 1645 1346 concludi
1683 1314 1784 1348 non
1823 1303 1991 1362 potest
2028 1300 2322 1363 Sophoclem

445 1376 660 1426 minores
710 1378 925 1428 voluisse
984 1378 1032 1428 in
1100 1394 1332 1429 scaenam
1397 1381 1649 1432 inducere.
1723 1385 1875 1434 Immo
1925 1386 2183 1448 Sophoclis
2233 1387 2322 1436 toti

442 1465 655 1512 naturae
698 1467 847 1526 atque
888 1465 1039 1514 indoli
1077 1481 1262 1528 pueros
1298 1467 1368 1516 ita
1409 1472 1629 1517 moratos
1667 1471 1824 1533 magis
1863 1472 2158 1520 convenisse
2194 1486 2325 1535 reor,

440 1551 496 1596 ut
560 1548 784 1599 modeste
850 1549 989 1613 quasi
1046 1554 1096 1599 et
1147 1552 1434 1601 verecunde
1484 1569 1536 1603 se
1588 1548 1836 1617 gererent.
1923 1557 2100 1620 Itaque
2153 1572 2323 1606 omnes

440 1649 566 1696 quos
617 1635 846 1684 novimus
899 1635 1164 1700 Sophoclei
1216 1639 1383 1702 pueri,
1432 1639 1514 1702 qui
1567 1640 1764 1704 quidem
1818 1642 1953 1691 haud
2006 1643 2224 1705 segniter
2270 1643 2319 1691 in

438 1734 619 1768 scaena
668 1724 835 1784 agant,
884 1722 1095 1771 maiores
1146 1723 1399 1785 cogitandi
1452 1729 1580 1775 sunt.
1654 1726 2052 1791 Aristophaneos
2091 1727 2313 1777 eiusdem

439 1806 616 1854 aetatis
653 1805 806 1856 fuisse
846 1807 1088 1872 suspicor,
1126 1810 1287 1871 qualis
1326 1813 1402 1858 est
1438 1825 1606 1860 eorum
1646 1813 1793 1862 actio.

1204 1992 1544 1999 *—

581 2163 685 2211 Iam
714 2179 831 2213 vero
858 2164 933 2214 his
961 2166 1339 2228 quaestionibus
1366 2168 1553 2217 relictis
1588 2182 1758 2217 omnes
1780 2172 2019 2232 quantum
2046 2170 2318 2233 poterimus

437 2248 633 2298 fabulas
686 2250 902 2312 amplexi
952 2250 1000 2299 id
1054 2255 1351 2317 spectemus,
1402 2256 1472 2318 ut,
1525 2254 1703 2317 quibus
1748 2254 2056 2319 temporibus
2093 2254 2176 2304 ille
2214 2271 2318 2305 mos

438 2334 647 2384 maxime
687 2335 922 2400 viguerit,
973 2337 1155 2400 quibus
1194 2339 1371 2403 minus,
1420 2339 1795 2390 constituamus.
1870 2341 2027 2401 Quem
2067 2341 2130 2389 ad
2169 2341 2315 2391 finem

436 2420 645 2483 primum
715 2421 912 2470 fabulas
972 2423 1271 2487 Euripideas
1334 2426 1631 2488 superstites
1696 2441 1865 2475 omnes
1934 2429 1982 2475 et
2046 2427 2316 2476 nonnullas

439 2505 728 2568 deperditas
755 2507 805 2555 in
832 2523 978 2555 unam
1007 2509 1224 2557 tabulam
1255 2511 1526 2559 seeundum
1567 2515 1842 2575 temporum
1883 2512 2100 2561 rationes
2120 2509 2159 2572 3)
2199 2527 2315 2562 con-

434 2591 637 2654 scripsi3
685 2592 847 2641 adieci
899 2593 1200 2657 Sophocleas
1251 2599 1299 2644 et
1351 2596 1743 2660 Aristophaneas
1793 2613 1878 2647 eas
1929 2600 2137 2660 tantum,
2187 2614 2316 2662 quae

433 2692 703 2739 puerorum
775 2685 945 2742 partes
1008 2680 1264 2743 praebent.
1366 2681 1633 2746 Cyclopem
1706 2687 1761 2732 ut
1815 2683 2016 2732 omuino
2073 2684 2316 2748 satyricas

437 2763 689 2827 Euripidis
726 2763 922 2813 fabulas
962 2768 1017 2813 ut
1054 2766 1199 2815 nimis
1239 2767 1480 2816 obscuras
1519 2768 1673 2816 omisi.

578 2901 614 2951 1)
643 2899 802 2944 Talem
834 2900 1026 2945 Assteas
1068 2915 1254 2958 quoque
1284 2902 1494 2947 Herculis
1535 2903 1723 2947 filiolum
1764 2904 1914 2959 pinxit
1942 2904 1988 2948 in
2019 2917 2073 2949 ea
2101 2904 2314 2961 imagine,

433 2982 522 3025 qua
552 2975 676 3015 certe
699 2983 910 3016 scaenam
927 2972 1107 3017 fabulae
1129 2977 1296 3029 poetae
1327 2974 1516 3018 alicuius
1537 2975 1801 3030 Euripidem
1822 2975 2040 3020 imitantis
2071 2976 2312 3032 expressit.

433 3041 527 3085 vid.
557 3041 680 3086 Mon.
713 3042 934 3087 dell⁷Inst.
955 3043 1082 3101 VIII,
1109 3048 1158 3088 10
1183 3064 1239 3082 =
1260 3045 1411 3090 Wien.
1433 3046 1650 3091 Vorl.·Bl.
1670 3045 1766 3091 Ser.
1787 3046 1840 3103 B,
1861 3046 1894 3091 1.

575 3114 607 3169 2)
640 3112 827 3158 Praeter
857 3118 1012 3160 cetera
1040 3116 1263 3172 respicias
1295 3130 1482 3174 quaese,
1513 3118 1638 3174 quod
1669 3116 1922 3174 Sophocles
1943 3119 2221 3176 Eurysacem
2252 3118 2312 3163 de

430 3182 572 3237 patris
614 3188 760 3229 morte
803 3198 1053 3231 maerorem
1085 3186 1210 3231 nullo
1252 3188 1390 3232 modo
1421 3187 1772 3244 patefacientem
1803 3188 1955 3243 finxit,
1997 3193 2156 3233 contra
2184 3189 2310 3233 Euri-

430 3253 564 3309 pides
585 3254 917 3313 Astyanactem
941 3258 1052 3302 satis
1074 3259 1325 3314 parvulum,
1360 3259 1569 3316 quamvis
1601 3263 1728 3304 esset
1757 3264 1923 3315 mutus,
1956 3261 2165 3316 quamvis
2195 3260 2310 3316 peri-

430 3325 519 3369 culi
550 3327 749 3383 nescius‚
780 3327 901 3371 haud
934 3329 1074 3374 dubio
1105 3334 1242 3386 gestu
1273 3330 1392 3376 ultro
1423 3343 1640 3387 angorem
1673 3344 1804 3375 suum
1827 3331 2156 3387 exprimentem
2186 3330 2310 3376 fecit.

573 3399 609 3453 ⁸)
641 3397 695 3441 In
736 3398 948 3443 Herculis
990 3404 1202 3456 tempore
1247 3402 1570 3446 constituendo
1610 3415 1779 3459 sequor
1819 3402 2072 3447 Wilamow.
2105 3403 2238 3448 Herc.
2269 3402 2310 3446 1⁵

431 3481 474 3523 p.
499 3472 577 3513 137
596 3482 702 3525 sqq;
739 3474 893 3515 tamen
923 3471 1146 3516 noluerim
1168 3476 1276 3517 ante
1300 3485 1467 3517 annum
1491 3477 1573 3517 420
1597 3485 1695 3517 eam
1717 3486 1904 3529 ponere,
1937 3475 2042 3530 quia
2070 3478 2167 3518 tum
2197 3487 2308 3518 non-

356 3575 359 3577 .
429 3540 537 3583 dum
560 3540 675 3585 adeo
698 3545 847 3586 aetate
868 3547 1140 3597 provectum
1163 3543 1430 3600 Euripidem
1452 3543 1596 3589 fuisse
1619 3548 1761 3600 patet,
1793 3548 1843 3588 ut
1863 3548 2149 3590 senectutem
2181 3545 2309 3602 queri

426 3614 593 3665 posset
624 3611 733 3667 (vid.
754 3626 798 3657 v.
820 3614 940 3671 678).
