2548 4218
2005 290 2104 335 269

238 437 347 470 cum
402 421 513 470 filiis
576 421 847 483 periculam
907 424 1095 472 veritus
1165 425 1379 472 retinere
1447 428 1670 473 conatur.
1765 426 1988 475 Certiora
2046 427 2106 474 de

240 522 505 570 puerorum
547 506 773 569 partibus
813 506 978 556 dicere
1018 524 1117 556 non
1158 509 1288 556 licet.

378 592 479 640 Iam
518 585 759 653 Antigona
798 593 1064 656 Euripidea
1103 594 1311 656 propius
1352 594 1740 656 contemplanda
1778 598 1865 642 est.
1939 594 2106 658 Suspi-

238 679 378 725 cetur
431 677 559 724 enim
611 676 741 725 forte
792 678 1039 741 quispiam
1097 694 1303 740 puerum
1349 678 1399 727 in
1447 695 1506 727 ea
1550 679 1807 741 prodiisse,
1864 680 2104 742 siquidem

237 777 298 810 ex
350 765 660 824 argumento,
715 762 850 825 quod
899 764 1264 826 Aristophanes
1314 764 1582 827 Byzantius
1621 764 1929 828 Sophocleae
1967 766 2108 814 Anti-

235 862 397 910 gonae
423 847 671 910 praefixit,
699 848 879 896 scimus
907 848 1039 920 apud
1071 849 1357 911 Euripidem
1386 850 1683 912 Antigonam
1714 866 1823 898 cum
1852 851 2107 899 Haemone

237 933 580 980 commercium
634 933 895 981 habentem
949 934 1267 998 deprensam,
1328 934 1508 983 deinde
1559 935 1602 983 ei
1654 936 1702 984 in
1743 936 2106 985 matrimonium

237 1016 428 1078 datam,
482 1033 543 1065 ex
583 1033 680 1079 quo
735 1018 964 1080 coniugio
1011 1018 1139 1067 filius
1178 1019 1403 1067 Haemon
1443 1019 1573 1081 (lege
1614 1017 1813 1078 Maeon)
1852 1023 1991 1068 ortus
2030 1022 2108 1070 sit.

236 1101 499 1161 Quomodo
540 1118 601 1150 ex
639 1102 734 1151 hoc
770 1107 1062 1165 argumento
1089 1104 1350 1167 tragoedia
1378 1107 1633 1153 exstructa
1672 1106 1746 1167 sit,
1785 1121 1846 1154 ex
1873 1107 1968 1154 hac
1994 1107 2109 1154 exili

236 1187 472 1236 memoria
512 1189 745 1249 cognosci
786 1204 883 1236 non
925 1194 1117 1251 posset,
1171 1191 1262 1237 nisi
1302 1190 1398 1238 iam
1440 1189 1734 1239 Welckerus
1771 1192 1879 1239 iure
1920 1192 2108 1254 Hygini

233 1271 453 1320 fabulam
495 1273 677 1321 LXXII
729 1273 790 1321 ad
842 1274 1241 1336 recuperandum
1284 1274 1585 1338 Euripideae
1631 1277 1920 1340 tragoediae
1960 1293 2107 1340 argu-

235 1361 453 1405 mentum
503 1358 825 1407 adhibuisset.
899 1360 1129 1422 Denique
1180 1361 1242 1408 M.
1269 1358 1554 1422 Mayerus¹)
1607 1362 1805 1409 omnino
1856 1365 1991 1410 recte
2045 1362 2106 1410 de

234 1445 339 1491 tota
389 1444 644 1506 tragoedia
696 1445 990 1509 disputavit,
1046 1445 1254 1507 primum
1308 1446 1392 1494 ille
1437 1445 1713 1509 affirmans,
1763 1448 1967 1495 tractari
2007 1464 2104 1496 non

233 1527 360 1576 idem
415 1528 549 1591 quod
603 1530 736 1592 apud
776 1530 1069 1593 Sophoclem
1125 1536 1472 1593 argumentum
1527 1530 1610 1591 (de
1649 1533 1803 1580 vetita
1849 1533 2107 1595 sepultura

234 1628 464 1676 quaeque
517 1614 830 1678 sequuntur),
885 1616 972 1664 sed
1020 1616 1264 1664 actionem
1316 1616 1424 1664 fieri
1475 1633 1532 1664 eo
1578 1622 1815 1680 tempore,
1870 1619 2104 1680 quoiam

234 1697 432 1747 adultus
484 1700 764 1761 Antigonae
815 1705 863 1748 et
913 1702 1182 1750 Haemonis
1231 1701 1361 1750 filius
1417 1703 1464 1750 in
1515 1702 1647 1751 ludis
1684 1704 1848 1751 victor
1898 1704 1960 1751 ab
2010 1719 2104 1751 avo

233 1789 642 1844 cognosceretur.
715 1786 824 1834 Hoc
863 1787 991 1834 enim
1032 1790 1203 1834 narrat
1242 1787 1495 1849 Hyginus:
1541 1789 1897 1851 „Haemonem,
1937 1804 2105 1850 quam-

232 1869 308 1916 vis
346 1869 408 1917 sit
447 1870 609 1918 iussus
646 1870 947 1933 Antigonam
1000 1872 1295 1935 interficere,
1349 1875 1514 1920 tamen
1566 1889 1671 1921 eam
1724 1878 1970 1922 servatam
2017 1874 2103 1922 sibi

234 1954 468 2012 iunxisse,
509 1970 605 2016 quo
646 1971 706 2004 ex
747 1957 976 2018 coniugio
1003 1958 1178 2005 Maeon
1221 1962 1359 2005 ortus
1400 1959 1475 2005 sit.
1541 1958 1719 2019 Quem,
1757 1974 1865 2006 eum
1907 1959 2106 2006 Thebas

235 2038 495 2101 profectus
523 2040 779 2089 victoriam
819 2042 868 2089 in
909 2043 1179 2090 certamine
1218 2043 1416 2105 publico
1455 2044 1799 2106 reportaverit,
1835 2059 1863 2091 a
1892 2044 2105 2092 Creonte

233 2139 331 2172 avo
390 2129 445 2172 ut
500 2130 729 2188 nepotem
784 2141 891 2175 esse
943 2128 1187 2190 agnitum,
1239 2128 1480 2191 simulque
1535 2132 1736 2177 matrem
1789 2129 2103 2191 Antigonam.

233 2208 321 2256 Cui
360 2209 494 2270 quod
533 2211 829 2273 supplicium
860 2211 986 2260 Creo
1027 2213 1328 2275 imposuerit,
1366 2214 1631 2262 Herculem
1659 2213 1844 2262 frustra
1872 2217 2101 2262 conatum

234 2309 343 2342 esse
382 2294 661 2357 prohibere.
713 2298 1016 2346 Haemonem
1045 2313 1096 2346 se
1121 2301 1169 2346 et
1197 2298 1497 2360 Antigonam
1535 2298 1890 2348 interfecisse.“
1957 2300 2104 2347 Hunc

232 2378 433 2428 fabulae
472 2380 636 2444 finem,
674 2398 772 2444 quo
811 2382 998 2431 frustra
1025 2384 1271 2432 Hercules
1310 2385 1649 2432 intercessisse
1684 2384 1876 2442 dicitur,
1917 2385 2103 2446 Hygini

232 2469 558 2515 commentum
611 2482 720 2516 esse
760 2469 994 2531 Mayerus
1046 2469 1263 2518 ostendit
1300 2468 1353 2529 (l.
1381 2485 1422 2517 c.
1460 2485 1508 2532 p.
1531 2466 1732 2531 74l75);
1790 2470 1934 2517 immo
1980 2470 2104 2517 Her-

233 2550 389 2598 culem
437 2567 466 2599 a
505 2551 717 2600 Creonte
767 2544 1076 2617 impetrasse,
1126 2557 1180 2602 ut
1217 2554 1470 2617 Antigona
1521 2558 1720 2603 servata
1758 2554 2001 2603 Haemoni
2052 2555 2102 2601 in

233 2636 594 2685 matrimonium
636 2638 855 2687 daretur.
930 2640 1031 2687 Iam
1071 2640 1306 2701 cognovit
1342 2641 1578 2702 Mayerus
1618 2640 1711 2703 frg.
1738 2644 1858 2690 168:

486 2724 720 2801 ὀνόματι
756 2730 1010 2802 μεμπτὸν
1047 2728 1113 2786 τὸ
1154 2731 1353 2799 νόθον,
1393 2725 1426 2805 ἦ
1467 2729 1630 2801 φύσις
1669 2726 1716 2786 δ’
1742 2733 1832 2804 ἴση

232 2834 295 2883 de
321 2836 529 2885 Maeone
567 2838 673 2900 ipso
713 2838 1103 2901 intellegendum
1131 2854 1253 2901 esse,
1293 2840 1423 2902 quia,
1463 2854 1572 2886 cum
1602 2854 1665 2887 ex
1693 2839 1898 2887 humero
1927 2837 2102 2887 dextro

232 2935 357 2982 puer
395 2925 450 2969 ut
486 2921 763 2970 Creonteus
814 2927 981 2984 posset
1032 2924 1288 2985 cognosci,
1340 2928 1503 2971 tamen
1558 2938 1666 2970 cum
1715 2926 1868 2971 mater
1905 2923 2102 2985 ignora-

232 3010 383 3065 retur,
439 3006 649 3067 primum
702 3008 902 3069 spuriUs
954 3007 1212 3055 habendus
1264 3010 1384 3055 erat.
1477 3007 1668 3055 Prodiit
1719 3008 1871 3070 igitur
1920 3006 1969 3055 in
2019 3007 2103 3054 illa

234 3088 406 3137 fabula
444 3105 588 3153 puer,
625 3092 710 3154 qui
750 3093 1019 3140 certamine
1058 3092 1257 3155 publico
1297 3093 1428 3150 vicit,
1466 3093 1622 3141 itaut
1650 3091 1752 3140 fere
1778 3093 1873 3141 iam
1901 3092 2103 3140 adultus

232 3174 464 3223 videatur
504 3174 673 3224 fuisse,
735 3177 783 3225 si
821 3181 985 3226 autem
1027 3179 1230 3225 vascula
1268 3193 1341 3239 ea,
1380 3192 1508 3239 quae
1546 3177 1866 3239 Euripideam
1905 3181 2102 3240 tragoe-

237 3259 365 3307 diam
408 3261 686 3322 exprimere
725 3262 973 3321 videntur,
1013 3263 1290 3327 aspicimus,
1330 3277 1457 3324 eum,
1494 3266 1549 3310 ut
1587 3263 1780 3311 Graeca
1818 3278 1940 3311 voce
1978 3266 2104 3326 utar,

233 3336 448 3409 ἔφηβον
489 3346 810 3409 cogitandum
851 3362 958 3396 esse
1006 3347 1266 3396 cernimus.
1340 3348 1611 3396 Praeterea
1650 3348 1860 3396 libenter
1900 3348 2100 3411 Mayero

234 3430 476 3478 assentior
531 3433 769 3480 statuenti
834 3448 1041 3495 puerum
1109 3447 1305 3480 causam
1365 3447 1503 3479 suam
1570 3433 1619 3480 in
1676 3448 1857 3481 scaena
1906 3433 2101 3482 fortiter

375 3579 407 3635 1)
437 3579 507 3624 De
538 3579 769 3636 Euripidis
800 3580 1109 3637 mythopoeia,
1140 3580 1288 3625 Berol.
1318 3583 1436 3636 1883,
1468 3594 1511 3637 p.
1533 3586 1583 3625 73
1602 3595 1702 3638 sqq.

1765 3667 1843 3710 18*
