2548 4218
2037 270 2138 317 249

273 409 520 474 candenS,
573 425 717 473 quem
759 410 1006 459 invocant
1057 426 1225 459 omnes
1274 407 1461 468 Iovem)
1514 411 1701 459 sedisse
1753 414 1903 472 atque
1949 414 2138 472 specta·

272 498 461 545 toribus
506 497 616 559 quis
666 501 798 544 esset
850 497 1172 559 patefecisse;
1223 497 1321 544 huc
1359 512 1467 544 cum
1508 496 1780 544 Ribbeckio
1819 495 2136 544 referendum

271 582 364 645 frg.
394 583 474 630 lv:

512 681 781 741 Quemnam
824 684 871 729 tc
911 696 1019 730 esse
1059 681 1234 745 dIcam,
1273 682 1357 744 qui
1397 681 1540 729 tarda
1579 682 1626 729 in
1668 684 1907 732 senecta?

273 794 400 843 Illud
424 795 573 856 igitur
595 799 972 857 argumentum:
1018 796 1318 857 „Thyestam
1349 810 1458 842 cum
1481 793 1592 842 filiis
1610 794 1671 842 ad
1696 811 1827 842 aram
1853 795 2137 844 sedentem“

269 879 535 944 Euripides
574 895 634 927 ex
675 881 881 943 antiqua
920 881 1151 928 memoria
1190 882 1426 943 sumpsit,
1477 881 1666 928 etiamsi
1703 881 1883 942 agendi
1922 882 2140 930 rationes

268 965 522 1027 Thyestae
577 981 782 1028 prorsus
841 967 1132 1014 immutavit.
1231 966 1361 1026 Quid
1419 966 1643 1028 Thyesta
1706 970 1881 1015 contra
1936 966 2137 1015 fratrem

271 1050 468 1099 molitus
506 1051 581 1112 sit,
620 1050 870 1113 quomodo
906 1033 985 1099 ille
1026 1067 1134 1099 enm
1175 1053 1381 1113 eiusque
1407 1050 1609 1099 insidias
1636 1053 1943 1115 cognoverit,
1977 1057 2138 1101 tamen

268 1135 384 1184 ficta
410 1138 573 1200 gratia
601 1152 710 1185 eum
740 1137 1009 1200 deceperit,
1037 1153 1133 1186 non
1162 1137 1257 1184 iam
1286 1153 1548 1200 possumus
1576 1137 1876 1186 discernere.
1949 1139 2137 1186 Tamen

268 1237 377 1270 eum
418 1223 585 1285 pueris
625 1222 687 1270 ad
728 1222 1096 1285 exsequendum
1139 1222 1306 1271 dolum
1347 1238 1488 1271 usum
1530 1238 1637 1272 csse
1679 1239 1774 1272 non
1814 1224 1883 1271 ita
1921 1224 2026 1272 veri
2066 1228 2141 1271 est

269 1307 520 1371 dissimile,
559 1309 677 1371 quia
704 1309 799 1356 hoc
827 1308 1036 1357 artificio
1065 1308 1298 1356 facillime
1326 1309 1484 1370 potuit
1512 1292 1899 1357 miscricordiam
1926 1325 2141 1358 movere.

266 1394 620 1456 Fragmentum
660 1393 802 1457 illud,
841 1406 936 1453 quo
966 1394 1147 1442 Atreus
1186 1393 1247 1442 de
1286 1394 1491 1442 scientia
1529 1408 1620 1442 sua
1658 1409 1825 1442 rerum
1852 1394 2138 1443 caelestium

268 1481 418 1541 atquc
469 1480 662 1541 imperii
712 1480 1039 1542 occupatione
1099 1479 1343 1542 gloriatur
1394 1477 1564 1541 (861),
1614 1494 1675 1527 ex
1740 1479 1967 1542 longiore
2014 1496 2058 1542 q.
2092 1495 2137 1527 v.

269 1555 420 1630 ῥήσει
477 1565 646 1626 Atrei,
714 1580 810 1627 qua
875 1580 989 1613 suas
1046 1565 1281 1624 virtutes,
1350 1564 1516 1612 fratris
1583 1564 1789 1613 iniurias
1846 1566 2142 1629 exponebat,

267 1652 517 1711 sumptum
570 1649 780 1697 videtur.
819 1674 887 1680 —
926 1649 1203 1712 Sophoclea
1254 1650 1446 1707 fabula,
1499 1652 1553 1696 ut
1600 1664 1754 1711 supra
1805 1650 2141 1712 exposuimus,

268 1736 318 1779 et
342 1732 573 1795 Aeropae
607 1749 819 1796 poenam
849 1737 895 1781 et
923 1749 1091 1782 cenam
1120 1734 1374 1796 Thyestae
1402 1737 1451 1782 et
1479 1733 1681 1782 caedem
1707 1734 1863 1796 ipsius
1888 1734 2139 1797 Thyestae

269 1819 525 1867 continuit.
615 1819 731 1868 Cum
771 1818 922 1882 igitur
968 1820 1017 1867 in
1059 1820 1133 1866 his
1185 1820 1479 1877 sceleribus,
1533 1820 1560 1866 i.
1597 1834 1636 1867 e.
1676 1819 1814 1867 Atrei
1864 1820 2138 1868 ulciscendi

268 1904 506 1952 effrenato
560 1904 728 1953 furore
767 1903 1209 1968 repraesentando,
1255 1920 1444 1953 summa
1482 1905 1717 1953 dramatis
1757 1905 1916 1968 posita
1955 1905 2140 1966 fuisset,

267 1991 389 2038 talia
416 1991 584 2053 qualia
612 1991 878 2054 Euripides
915 1991 1071 2051 finxit,
1110 1990 1313 2040 insidias
1340 1991 1611 2054 Thyestae,
1651 1991 1980 2052 cognitionem
2021 1993 2141 2055 eius,

266 2074 540 2138 Sophocles
590 2077 813 2125 omisisse
865 2075 1119 2139 putandus
1177 2081 1264 2124 est.
1350 2077 1504 2124 Immo
1557 2079 1700 2125 etiam
1753 2076 1845 2139 frg.
1878 2078 1950 2126 111
2000 2078 2140 2125 Atrei

266 2161 514 2210 Accianae
553 2162 700 2210 docet
725 2162 996 2225 Thyestam
1037 2163 1200 2210 statim
1239 2161 1603 2225 advenientem,
1643 2162 1793 2225 idque
1828 2178 1919 2211 sua
1947 2166 2140 2227 sponte,

265 2248 328 2296 ab
367 2248 534 2311 Atre0,
572 2249 651 2310 qui
692 2249 794 2297 eius
834 2249 1025 2297 scelera
1065 2249 1158 2296 iam
1199 2250 1548 2311 perspexisset,
1589 2249 1841 2310 cognitum
1881 2264 2017 2298 esse:

524 2348 697 2396 iterum
739 2349 986 2412 Thyestes
1026 2349 1230 2396 Atreum
1272 2348 1603 2397 adtractatum
1645 2348 1860 2407 advenit,

521 2435 698 2482 iterum
738 2435 832 2482 iam
873 2433 1166 2499 aggreditur
1206 2449 1280 2482 me
1319 2440 1369 2482 et
1406 2435 1626 2497 quietum
1668 2435 1960 2483 exsuscitat:

522 2520 678 2568 maior
717 2520 832 2567 mihi
872 2521 1042 2581 moleS,
1079 2520 1235 2568 maius
1274 2519 1630 2568 miscendumst
1669 2521 1866 2584 malum,

523 2606 606 2668 qui
644 2605 774 2654 illius
812 2606 1044 2654 acerbum
1087 2620 1173 2654 cor
1211 2605 1511 2654 contundam
1554 2609 1600 2654 et
1639 2606 1973 2669 comprimam.

268 2720 535 2768 Praeterea
603 2719 736 2783 apud
795 2716 1002 2768 Accium
1062 2719 1286 2768 videmus
1353 2720 1624 2781 Thyestam
1691 2720 1741 2767 in
1798 2735 1978 2768 scaena
2033 2721 2139 2783 ipsa

267 2820 575 2868 cognoscere
627 2801 928 2854 horrendum
979 2805 1176 2854 facinus
1227 2801 1340 2867 (frg.
1366 2801 1529 2868 XIV),
1580 2805 1714 2868 apud
1755 2807 1964 2854 Ennium
2016 2822 2138 2854 vero

265 2890 514 2954 Thyestes
567 2892 662 2939 iam
714 2892 945 2940 conscius
997 2891 1242 2939 factorum
1295 2890 1550 2954 egreditur
1603 2907 1629 2940 c
1682 2891 1824 2940 domo
1877 2891 1956 2951 (fr.
1984 2886 2139 2956 V111).

267 2977 442 3039 Itaque
494 2993 588 3040 ego
640 2993 738 3026 non
794 2976 967 3026 dubito
1022 2991 1253 3025 scaenam
1292 2976 1424 3024 illam
1468 2991 1585 3024 vere
1623 2977 1862 3038 tragicam
1904 2975 2138 3035 Senecae,

267 3076 413 3122 quam
453 3075 562 3109 eum
604 3077 702 3110 non
743 3077 803 3111 ex
843 3076 933 3110 suo
972 3062 1172 3124 ingenio
1215 3061 1436 3109 hausisse
1475 3060 1684 3123 opinor,
1723 3076 1827 3109 eam
1868 3060 2001 3124 dieo,
2040 3076 2139 3123 qua

266 3146 513 3208 Thyestes
564 3153 677 3210 post
725 3148 881 3210 ipsam
937 3162 1106 3196 cenam
1158 3147 1371 3210 primum
1424 3146 1702 3207 dormiens,
1757 3146 1940 3195 deinde
1990 3147 2136 3196 modo

268 3245 472 3280 securus
511 3236 740 3291 cantans,
780 3231 926 3282 modo
966 3233 1097 3281 curis
1135 3235 1345 3281 vexatus
1385 3231 1664 3280 ostenditur
1703 3232 1851 3296 (Thy.
1878 3235 1978 3282 901
1997 3231 2139 3295 sqq.)‚

269 3315 332 3377 ad
360 3315 653 3380 Sophoclem
680 3317 884 3368 referre.
947 3319 1218 3381 Antiquum
1247 3307 1567 3381 ἐκκύκλημα
1595 3317 1727 3366 clare
1755 3319 1900 3366 ctiam
1929 3332 2137 3380 cognos-

269 3403 396 3452 citur
433 3419 512 3451 vv.
541 3399 727 3467 901l2:

678 3515 747 3522 —
785 3490 931 3539 turba
970 3489 1239 3551 famulariS,
1278 3489 1411 3537 fores
1681 3554 1684 3557 Δ

679 3577 848 3639 templi
888 3576 1073 3637 relaxa,
1110 3575 1239 3625 festa
1277 3574 1482 3640 patefiat
1519 3573 1717 3631 domus;
