2548 4218
2047 310 2146 357 229

285 460 340 505 ut
377 456 663 518 Polynicem
703 469 903 516 quoque
942 453 1222 501 Eleusinem
1262 452 1454 500 iuberet
1490 453 1672 513 afferri,
1710 466 1995 513 quanquam
2031 450 2148 512 quid

285 542 327 590 ei
368 541 547 588 factum
589 540 663 598 sit,
703 540 902 586 omnino
942 555 1039 586 non
1081 541 1380 586 memoratur
1412 534 1494 594 (cf.
1523 552 1569 585 V.
1591 540 1693 586 500
1720 539 1768 584 et
1796 534 1934 594 925).
2010 535 2148 595 Quae

286 640 455 675 omnes
494 623 859 686 discrepantiae
885 623 1117 671 facillime
1143 623 1214 671 sic
1241 622 1571 684 explicantur,
1609 620 1664 669 ut
1691 621 1818 668 hanc
1844 619 2148 681 tragoediam

286 727 345 759 ex
402 711 615 758 recentis
672 710 810 771 pacis
867 707 1149 768 (Nicianae)
1207 708 1407 756 laetatia
1462 706 1525 754 ad
1584 706 1793 769 gloriam
1846 705 2148 753 Athenarum

284 795 629 843 celebrandam
665 799 713 842 et
738 793 914 842 foedus
943 794 1239 855 Argivorum
1269 790 1712 840 commendandum
1736 788 1770 850 ¹)
1798 793 1955 837 ortam
1983 789 2152 851 itaque

285 881 424 943 quasi
478 895 575 928 uno
627 881 812 941 impetu
863 879 1164 941 confectam,
1216 894 1314 926 non
1354 877 1547 925 diutino
1586 875 1750 924 studio
1789 875 2003 923 limatam
2045 890 2152 923 esse

283 965 591 1014 arbitremur.
667 964 831 1025 Quid?
880 964 974 1012 hac
1022 964 1219 1015 fabulae
1270 968 1451 1012 natura
1502 962 1703 1024 cognita
1756 977 1870 1008 num
1910 976 2018 1008 eam
2059 960 2152 1007 dis-

283 1051 612 1113 crepantiam,
668 1054 723 1098 ut
779 1031 966 1112 septem
1025 1066 1115 1112 pro
1167 1049 1388 1111 quinque
1442 1045 1761 1109 accipiendae
1814 1046 1932 1104 sint,
1990 1045 2155 1107 magni

285 1135 556 1184 faciemus?
642 1136 707 1184 At
755 1135 832 1183 his
884 1134 1189 1197 argumentis
1241 1134 1361 1181 certi
1414 1132 1534 1181 nihil
1584 1131 1710 1179 effici
1751 1130 1918 1179 video:
1972 1131 2155 1193 itaque,

283 1226 340 1269 ut
377 1222 604 1283 primum,
644 1221 763 1283 quid
802 1237 862 1269 ex
902 1221 1023 1282 ipsis
1061 1223 1238 1283 poetae
1277 1219 1442 1267 verbis
1481 1218 1543 1265 de
1583 1218 1775 1265 ratione
1813 1217 1941 1264 inter
1975 1219 2156 1263 matres

284 1312 335 1356 et
378 1306 594 1354 Tamulas
644 1305 983 1354 intercedente
1035 1309 1298 1368 sequatur,
1352 1304 1730 1364 constituamus,
1781 1302 1978 1364 singula
2017 1301 2154 1348 chori

283 1392 503 1440 carmina
535 1392 820 1439 accuratius
847 1392 1253 1453 contemplemur.
1316 1391 1391 1438 De
1418 1389 1576 1451 primo
1605 1387 1822 1436 carmine
1849 1388 1941 1435 iam
1969 1386 2153 1434 dictum

284 1481 372 1526 est.
447 1477 587 1537 Quae
638 1482 915 1539 sequuntur
965 1476 1101 1524 chori
1153 1491 1329 1539 preces
1381 1475 1503 1535 (271
1534 1472 1661 1537 sqq.)
1707 1474 1770 1522 ad
1811 1489 1934 1521 unas
1974 1479 2156 1520 matres

284 1563 533 1624 pertinere
572 1563 822 1611 videntur.
895 1563 1025 1610 Nam
1063 1577 1173 1610 cum
1215 1562 1412 1610 omnino
1446 1561 1648 1623 propria
1676 1560 1740 1608 ibi
1769 1562 1976 1607 matrum
2006 1573 2157 1606 causa

284 1646 486 1709 agatur,
542 1652 641 1696 tum
703 1648 855 1696 verba
911 1663 1113 1710 quoque
1170 1648 1282 1695 unis
1341 1651 1550 1695 matrum
1609 1646 1779 1694 oribus
1836 1644 2154 1693 conveniunt.

284 1732 533 1782 Arnoldtii
572 1749 692 1781 vcro
732 1732 980 1781 sententia
1018 1733 1068 1787 (l.
1097 1749 1137 1781 c.
1176 1748 1220 1794 p.
1250 1730 1390 1796 263),
1428 1748 1536 1780 cum
1572 1732 1700 1779 inter
1726 1729 1948 1793 quinque
1974 1733 2154 1777 matres

284 1818 511 1880 singulas
551 1819 783 1866 carminis
823 1823 991 1881 partes
1031 1818 1316 1879 distribuat,
1368 1819 1434 1882 ita
1472 1816 1624 1865 firmis
1663 1820 1798 1864 caret
1837 1815 2155 1878 argumentis,

284 1907 338 1951 ut
377 1919 481 1952 eam
522 1903 750 1952 refellere
789 1903 1156 1966 supersedeam.
1231 1902 1442 1953 Omnino
1482 1906 1644 1950 autem
1683 1903 1812 1950 inter
1850 1916 2019 1950 omnes
2051 1899 2155 1948 fere

285 1988 418 2037 viros
458 1988 632 2037 doctos
671 1993 887 2049 constat,
937 1989 1053 2037 talia
1093 1990 1374 2049 conamina,
1426 1989 1626 2052 quibus,
1680 2003 1826 2050 quem
1867 1988 1918 2035 in
1957 1986 2152 2035 modum

284 2075 468 2122 chorus
520 2089 696 2123 revera
746 2090 836 2122 sua
887 2075 1107 2122 carmina
1157 2073 1581 2136 pronuntiaverit,
1637 2072 1950 2135 ostendatur,
2006 2072 2154 2135 plane

285 2175 394 2208 esse
445 2160 633 2222 inania,
684 2159 871 2222 quippe
924 2176 1051 2222 quae
1106 2159 1238 2207 nulla
1278 2160 1499 2207 nitantur
1538 2163 1624 2207 aut
1663 2158 1854 2207 ratione
1893 2162 2032 2205 certa
2070 2162 2156 2205 aut

284 2248 508 2293 veterum
560 2248 818 2308 memoria,
868 2245 1091 2307 exceptis
1136 2245 1194 2292 iis
1245 2245 1390 2306 locis,
1442 2245 1525 2292 ubi
1563 2247 1649 2292 aut
1688 2243 1960 2306 coryphaei.
2001 2243 2157 2291 verba

285 2335 482 2379 ceteros
534 2330 834 2393 alloquentis
885 2334 1278 2393 cognoscuntur,
1328 2333 1415 2378 aut
1469 2330 1770 2378 hemichoria
1815 2329 2025 2376 invicem
2064 2329 2157 2376 sibi

286 2414 644 2478 respondentia
694 2415 972 2478 significata
1022 2419 1151 2464 sunt.
1207 2440 1271 2447 —-
1325 2416 1486 2463 Etiam
1526 2414 1659 2477 quod
1699 2415 1923 2478 sequitur
1961 2428 2156 2461 carmen

287 2500 408 2555 (365
437 2502 592 2564 sqq.),
630 2500 763 2563 quod
805 2505 1056 2560 cantatur,
1096 2500 1212 2549 dum
1251 2501 1480 2549 Theseus
1518 2515 1618 2548 rem
1659 2515 1768 2548 cum
1810 2499 1993 2563 populo
2032 2514 2158 2547 com·

288 2587 521 2648 manicat,
558 2602 656 2635 non
697 2587 862 2650 habet,
901 2586 1036 2649 quod
1072 2587 1352 2635 necessario
1379 2585 1440 2633 ad
1469 2585 1681 2633 famulas
1707 2584 1974 2634 referatur:
2011 2584 2157 2632 immo

287 2671 410 2719 haec
449 2672 622 2720 verba:
674 2663 741 2718 τὸ
788 2666 965 2719 πλέον
1002 2666 1152 2735 ἐμῶν
1192 2669 1386 2719 κακῶν
1432 2698 1500 2703 ———
1545 2666 1598 2718 τί
1634 2685 1728 2735 μοι
1764 2662 1930 2728 πόλις
1966 2674 2163 2735 κρανεῖ

287 2783 355 2789 —-
407 2752 501 2804 καὶ
551 2751 769 2815 τέκνοις
812 2748 992 2819 ταφὰς
1038 2748 1370 2822 ληψόμεσθα
1407 2757 1470 2806 ad
1511 2772 1635 2806 unas
1675 2760 1856 2806 matres
1894 2758 2158 2819 pertinent.

286 2842 396 2891 Nisi
434 2842 561 2891 forte
602 2844 713 2906 quis
750 2844 970 2891 ultimam
998 2843 1381 2905 antistrophum:
1421 2830 1591 2906 ἄμυνε
1616 2836 1799 2906 ματρί,
1835 2833 2000 2899 πόλις
2038 2840 2156 2888 κτλ.

288 2927 568 2976 famulabus
606 2928 850 2978 tribuerit.
925 2929 1020 2978 Sed
1062 2945 1118 2977 ea
1146 2944 1344 2992 quoque
1371 2929 1535 2991 aptius
1562 2927 1801 2976 matribus
1826 2927 2159 2991 assignantur,

286 3017 635 3076 praeterquam
686 3013 818 3076 quod
871 3015 1077 3077 stropha
1128 3019 1176 3064 et
1213 3015 1555 3077 antistrophus
1595 3029 1693 3062 non
1733 3029 1761 3061 a
1800 3012 2010 3062 diversis
2049 3014 2158 3061 cani

287 3099 462 3147 solent.
499 3124 567 3131 -
606 3101 673 3148 At
710 3115 770 3148 ex
815 3101 1039 3162 proximo
1080 3101 1297 3149 carmine
1336 3099 1457 3162 (597
1487 3098 1631 3162 sqq.),
1668 3098 1800 3161 quod
1841 3100 1992 3162 vulgo
2031 3099 2158 3147 inter

288 3183 587 3232 hemichoria
643 3185 976 3244 distribuitur,
1033 3189 1168 3234 certe
1225 3186 1471 3248 quispiam
1523 3184 1750 3233 concludi
1802 3188 2158 3248 posse-putet,

289 3272 470 3317 matres
531 3269 845 3334 famulasque
902 3277 1158 3333 separatas
1215 3287 1394 3329 canere
1450 3270 1520 3319 ita
1575 3286 1775 3333 nempe,
1838 3275 1892 3319 ut
1946 3271 2154 3319 alterum

290 3354 659 3419 hemichorium,
697 3357 830 3419 quod
869 3357 1110 3419 signatur,
1150 3373 1212 3406 ex
1251 3357 1504 3419 matribus,
1543 3357 1754 3405 alterum
1791 3372 1851 3404 ex
1878 3355 2157 3404 famulabus

291 3443 500 3488 constet.
573 3441 738 3504 Atque
777 3443 825 3490 in
866 3442 1001 3491 libris
1041 3442 1240 3505 quidem
1280 3441 1630 3506 manuscriptis
1656 3442 1938 3505 turpissimo
1965 3441 2157 3491 scribac

434 3621 470 3674 ¹)
500 3617 566 3663 Cf.
597 3618 774 3664 Wilam.
806 3619 896 3665 An.
925 3620 1030 3665 Eur.
1061 3634 1106 3679 p.
1132 3624 1225 3665 153.
