2548 4218
446 279 547 326 288

586 418 688 466 Iam
729 417 955 467 videmus
993 418 1153 480 prima
1191 420 1354 468 aetate
1381 417 1587 467 totidem
1629 422 1749 482 quot
1787 419 2008 470 secunda
2047 436 2232 486 pueros
2270 423 2320 471 in

445 518 676 571 scaenam
705 502 969 566 prodiisse,
1001 503 1173 551 ultima
1199 517 1321 552 vero
1348 503 1690 565 paucissimos.
1729 503 1861 566 Quin
1888 505 2033 555 etiam
2063 507 2321 569 Astyanax

442 588 694 637 Troadum
737 589 821 636 vix
861 588 902 636 ei
944 588 1093 636 aetati
1133 587 1477 648 ascribenduS‚
1516 603 1626 637 cum
1666 589 1715 637 in
1753 588 1863 652 ipso
1902 590 2104 641 ultimae
2143 592 2321 641 aetatis

441 672 607 723 limine
636 677 880 735 occurrat,
906 674 974 722 ita
1002 677 1055 722 ut
1081 677 1195 736 post
1221 688 1404 721 annum
1432 676 1534 722 415
1565 689 1716 722 unum
1746 674 2014 725 habeamus
2041 676 2320 739 Polyidum,

441 759 582 807 cuius
629 758 826 821 quidem
879 763 1047 821 partes
1098 773 1219 807 sane
1272 759 1529 807 obscurae.
1613 758 1780 819 Quid?
1830 775 1997 810 nonne
2045 761 2162 810 solis
2210 762 2320 811 luce

441 844 621 893 clarius
650 848 861 907 apparet
884 843 1127 892 artficium
1156 858 1342 907 pueros
1369 843 1654 908 inducendi,
1688 845 1917 908 quamvis
1945 846 2056 895 olim
2091 848 2323 912 viguerit,

440 933 553 994 post
602 928 724 977 illud
777 932 974 992 tempus
1012 929 1159 992 plane
1197 932 1418 992 spretum
1460 933 1611 992 atque
1650 929 1931 993 neglectum
1971 930 2161 980 fuisse?
2234 932 2320 981 Ni-

440 1017 616 1064 mirum
670 1030 759 1063 eae
798 1014 1010 1074 fabulae,
1061 1016 1109 1064 in
1151 1016 1333 1078 quibus
1372 1030 1557 1079 pueros
1597 1016 1876 1064 simulacris
1914 1020 2318 1080 repraesentatos

439 1116 548 1150 esse
587 1100 948 1159 demonstravi,
988 1099 1052 1149 ad
1091 1100 1224 1150 hanc
1263 1101 1603 1163 quaestionem
1642 1116 1739 1149 non
1779 1102 2046 1165 pertinent,
2084 1103 2316 1166 quoniam

438 1187 498 1235 de
558 1187 689 1235 veris
745 1189 937 1234 tantum
990 1186 1157 1248 pueris
1210 1185 1426 1234 inductis
1475 1187 1655 1249 agitur.
1747 1186 1939 1236 Tamen
1992 1202 2077 1236 eas
2126 1187 2319 1238 fabulas

439 1271 510 1332 (in
539 1273 723 1335 quibus
749 1270 965 1320 infantes
1000 1269 1366 1335 apparuerunt)
1394 1272 1643 1320 asteriscis
1671 1272 1881 1335 signavi,
1918 1276 2092 1322 contra
2129 1288 2230 1336 eas,
2266 1273 2317 1323 in

441 1357 621 1420 quibus
661 1357 801 1420 pueri
843 1357 1054 1406 maiores
1082 1357 1189 1406 sive
1217 1356 1394 1420 ephebi
1422 1356 1729 1419 prodierunt,
1769 1359 1855 1420 qui
1893 1357 1955 1406 ab
1993 1357 2318 1408 histrionibus

439 1443 744 1505 agebantur,
795 1442 1028 1491 crucibus
1065 1442 1299 1506 appictis:
1355 1443 1449 1491 iam
1489 1445 1629 1506 patet
1664 1443 1799 1491 illum
1851 1459 2036 1492 morem
2100 1443 2319 1493 infantes

435 1528 703 1577 inducendi
775 1528 986 1577 maxime
1045 1529 1202 1591 prima
1257 1531 1442 1589 aetate,
1515 1530 1646 1577 hunc
1704 1528 1923 1591 ephebos
1973 1528 2024 1577 in
2084 1544 2315 1578 scaenam

437 1613 745 1677 provocandi
786 1613 947 1663 media
986 1617 1035 1663 et
1073 1614 1244 1663 ultima
1282 1617 1446 1663 aetate
1486 1613 1719 1676 viguisse.

577 1700 682 1748 Iam
733 1705 788 1748 ut
835 1701 1118 1749 accuratius
1170 1700 1232 1748 de
1282 1699 1415 1748 illius
1466 1701 1612 1748 moris
1676 1699 1868 1762 origine
1925 1715 1985 1748 ac
2038 1715 2314 1764 progressu

436 1782 757 1849 quaeramus,
808 1786 953 1845 haec,
1005 1801 1133 1848 quae
1188 1801 1248 1834 ex
1287 1785 1461 1834 tabula
1500 1801 1598 1834 non
1639 1788 2033 1849 cognoscuntur,
2086 1783 2316 1834 addenda

435 1875 571 1920 sunt:
629 1870 678 1920 Si
736 1872 1055 1920 coniecturae
1115 1879 1219 1933 eae,
1275 1885 1401 1934 quas
1453 1870 1515 1919 de
1553 1870 2062 1933 Thyestae,-Inonis‚
2117 1869 2317 1934 Thesei,

437 1956 697 2020 Hippolyti
725 1972 753 2005 a
780 1956 1090 2019 temporibus
1129 1959 1479 2017 statueramuS,
1517 1956 1607 2005 sibi
1649 1959 1893 2018 constant,
1931 1954 2050 2004 satis
2089 1955 2316 2019 angustis

438 2043 675 2104 temporis
727 2042 908 2091 finibus
958 2042 1074 2090 illae
1125 2043 1314 2105 primae
1371 2042 1549 2090 aetatis
1605 2040 1828 2104 fabulae,
1884 2055 2014 2104 quae
2069 2040 2316 2103 praebent

437 2143 705 2191 puerorum
745 2133 930 2191 partes,
970 2127 1322 2190 includuntur,
1360 2127 1429 2175 ita
1453 2127 1618 2176 utillo
1645 2130 1867 2189 tempore
1906 2124 1984 2186 (ca
2011 2123 2314 2185 438—430)

435 2213 675 2277 plurimos
727 2229 910 2276 pueros
961 2212 1118 2277 (apud
1159 2212 1508 2276 Euripidem
1549 2209 1770 2275 quidem)
1823 2212 1871 2260 in
1924 2227 2153 2260 scaenam
2201 2226 2314 2274 pro·

437 2299 588 2347 diisse
641 2299 1015 2348 concedendum
1055 2299 1130 2348 sit.
1207 2299 1303 2349 Sed
1344 2314 1444 2348 non
1483 2299 1642 2347 solum
1681 2297 1904 2361 plurimi,
1954 2312 2126 2346 verum
2167 2297 2312 2345 etiam

435 2385 700 2448 plurimum
742 2389 992 2448 agentes
1032 2385 1174 2448 pueri
1202 2389 1303 2433 tum
1333 2388 1615 2433 occurrunt.
1688 2383 1943 2432 Habemus
1983 2384 2112 2432 enim
2140 2398 2181 2431 a.
2208 2385 2311 2433 438

433 2468 503 2530 (in
526 2469 798 2529 Alcestide)
838 2486 1050 2533 puerum
1087 2474 1365 2533 canentem,
1404 2470 1542 2519 brevi
1581 2472 1695 2532 post
1730 2469 1780 2517 in
1806 2469 2004 2518 Theseo
2043 2483 2312 2531 puerorum

435 2556 637 2605 chorum
666 2560 944 2619 canentem,
981 2560 1242 2619 praeterea
1267 2557 1316 2604 in
1344 2557 1569 2619 Thyesta
1595 2571 1780 2620 pueros
1806 2571 1834 2603 a
1862 2558 2004 2618 patre
2043 2554 2106 2603 ad
2146 2553 2311 2604 dolum

434 2642 793 2705 perficiendum
834 2642 1085 2690 adhibitos
1125 2657 1235 2690 esse
1272 2641 1616 2704 probavimus3
1668 2642 1761 2690 iam
1800 2656 1932 2689 anno
1971 2642 2072 2690 431
2112 2642 2313 2703 poetam

433 2728 480 2776 in
533 2727 713 2776 Medea
762 2729 933 2791 pueris
993 2743 1116 2777 sane
1168 2728 1322 2776 multa
1372 2743 1430 2775 ac
1482 2727 1706 2776 difficilia
1761 2726 1959 2790 agenda
2021 2725 2314 2788 imposuisse

433 2813 670 2877 vidimus,
721 2814 937 2876 denique
985 2814 1156 2863 eodem
1207 2813 1313 2862 fere
1350 2816 1574 2876 tempore
1611 2827 1792 2876 graves
1830 2827 1949 2861 sane
1988 2811 2313 2875 difficilesque

435 2900 636 2948 Molossi
671 2916 719 2963 q.
748 2916 791 2948 v.
831 2903 1001 2963 partes
1041 2904 1325 2949 occurrunt.
1398 2899 1495 2948 Sed
1523 2898 1858 2963 Sophocles
1898 2913 2099 2961 quoque
2137 2897 2311 2946 eodem

434 2986 669 3048 temporis
722 2987 881 3048 spatio
933 2985 1077 3034 simili
1116 2985 1278 3035 studio
1316 3000 1500 3048 pueros
1547 2984 1832 3033 adhibuisse
1871 2984 2092 3032 videtur:
2146 2982 2311 3032 confe-

434 3076 611 3120 rantur
637 3071 909 3134 Eurysacis
936 3072 985 3120 in
1013 3072 1163 3120 Aiace
1192 3077 1240 3120 et
1266 3086 1537 3135 puerorum
1564 3071 1614 3119 in
1641 3069 1833 3134 Oedipo
1871 3073 2054 3132 partes.
2129 3069 2311 3118 Postea

434 3158 676 3218 (secunda
715 3157 972 3221 Euripidis
1011 3159 1193 3214 aetate)
1244 3171 1511 3220 puerorum
1562 3160 1731 3221 partes
1780 3157 1850 3205 ita
1889 3159 2206 3216 coercentur,
2257 3159 2312 3205 ut

433 3243 599 3292 adsint
633 3243 833 3307 quidem
859 3244 908 3292 in
937 3259 1134 3307 scaena,
1173 3243 1261 3293 sed
1287 3260 1387 3293 non
1415 3244 1621 3293 multum
1648 3246 1816 3306 agant,
1854 3241 2077 3306 exceptis
2116 3240 2311 3305 Suppli·

434 3330 589 3391 cibus,
627 3330 676 3377 in
707 3344 807 3392 qua
833 3330 978 3392 pueri
1018 3345 1118 3379 non
1151 3330 1311 3379 solum
1351 3333 1552 3379 strenue
1592 3333 1762 3392 agunt,
1800 3327 1887 3378 sed
1927 3329 2072 3377 etiam
2112 3333 2311 3377 canunt.

434 3410 582 3474 Quod
618 3430 717 3464 non
761 3415 1030 3476 miraberis,
1069 3415 1256 3464 simodo
1283 3414 1571 3478 Euripidem
1612 3430 1671 3464 ea
1708 3413 1889 3476 fabula,
1926 3429 2024 3477 qua
2063 3418 2310 3462 recentem

434 3516 609 3564 pacem
650 3501 942 3564 celebraret,
995 3516 1141 3564 quam
1195 3500 1648 3564 splendidissimum
1689 3500 2027 3563 spectaculum
2068 3499 2309 3561 praebere

435 3586 651 3635 voluisse
728 3585 1057 3649 reputaveris.
1174 3587 1410 3636 Extrema
1484 3586 1700 3649 denique
1773 3589 1936 3635 aetate
2011 3585 2153 3649 pueri
2228 3584 2309 3632 vel
