2548 4218
2065 289 2166 337 239

300 432 436 478 recte
474 427 695 490 intellegi
735 432 830 476 n'on
873 443 1035 490 posse,
1073 428 1166 476 nisi
1206 428 1334 476 inter
1373 426 1572 476 eosdem
1600 428 1839 490 incipitur
1866 431 1915 477 et
1940 428 2168 491 pergitur

301 518 351 563 et
376 530 473 562 non
501 513 646 562 modo
674 514 754 562 hic
781 513 925 562 modo
953 514 1038 562 ille
1065 528 1187 575 puer
1212 511 1483 575 respondet
1510 511 1664 575 (quod
1688 513 1952 562 Richterus
1980 513 2167 571 voluit).

301 600 421 649 Cum
471 613 590 647 vero
643 602 850 647 metrum
901 599 1036 647 illius
1087 598 1244 660 partis
1295 595 1428 657 (tetr.
1467 597 1609 645 iamb.
1650 602 1742 645 cat.
1783 614 1893 646 cum
1942 614 2168 662 syncopa

299 685 347 732 in
405 684 576 746 quinto
633 682 778 748 pede)
835 683 898 731 ad
956 698 1232 732 sermonem
1301 683 1506 744 propius
1574 683 1815 732 accedere
1878 682 2166 747 videatur,¹)

301 785 409 818 cum
474 769 782 832 Westphalio
799 767 839 828 2)
911 784 996 818 eos
1057 784 1229 818 versus
1291 769 1514 831 singulos
1577 769 1816 816 cecinisse
1878 771 2168 817 statuemus.

301 857 476 917 Itaque
515 857 725 917 apparet
765 854 859 902 hoc
897 855 1007 903 loco
1047 855 1381 917 coryphaeum
1423 869 1533 901 cum
1574 870 1673 902 uno
1713 853 1987 916 eodemque
2013 869 2168 917 puero

302 939 504 988 vocibus
544 939 832 1000 alternasse,
871 942 1019 1001 atque
1059 943 1234 1002 sponte
1272 954 1324 987 se
1353 940 1497 987 offert
1524 938 1765 987 maximus
1789 938 1872 987 ille
1899 953 2167 1002 puerorum

301 1026 402 1087 (qui
457 1028 631 1087 postea
680 1024 868 1087 primus
909 1025 1264 1073 Carcinitarum
1322 1021 1508 1086 prodit)
1559 1023 1898 1086 dignissimus,
1950 1023 2030 1072 cui
2075 1024 2171 1073 hoc

301 1125 480 1158 munus
519 1109 839 1158 vindicemus.
900 1110 1087 1158 Tamen
1127 1125 1256 1158 unus
1292 1110 1374 1158 ille
1413 1124 1503 1173 pro
1545 1109 1771 1158 omnibus
1811 1110 1966 1158 verba
1991 1108 2170 1158 fecisse

301 1195 595 1257 cogitandus
648 1201 743 1255 est,
792 1196 919 1243 sicut
972 1210 1142 1244 omnes
1193 1194 1427 1243 videntur
1478 1198 1626 1243 antea
1676 1195 1966 1257 peccavisse
2012 1193 2173 1258 (250),

301 1295 469 1329 omnes
508 1296 607 1328 una
634 1281 948 1344 vapulavisse
988 1278 1136 1340 (2542
1175 1274 1222 1327 εἰ
1249 1269 1316 1344 νὴ
1345 1268 1425 1327 Δί’
1450 1268 1618 1338 αὖθις
1643 1270 1942 1336 κονδύλοις
1969 1277 2172 1327 νουθε-

298 1354 488 1431 τήσεθ’
525 1351 700 1432 ἡμᾶς).
763 1366 829 1415 At
862 1382 1060 1414 carmen
1096 1365 1227 1428 quod
1254 1367 1476 1428 sequitur
1502 1365 1819 1415 amoebaeum
1848 1363 2170 1425 (291—315)

301 1455 435 1500 certe
476 1467 643 1500 omnes
682 1452 825 1515 pueri
866 1468 974 1500 cum
1010 1456 1113 1500 toto
1142 1453 1295 1500 choro
1324 1452 1633 1500 alternantes
1661 1450 1963 1500 cecinerunt.
2025 1450 2172 1511 Quod

302 1538 429 1586 enim
469 1538 718 1587 antecedit
758 1553 955 1586 carmen
995 1538 1056 1586 ab
1096 1537 1330 1586 universo
1370 1538 1522 1586 choro
1562 1539 1812 1585 cantatum
1867 1551 1977 1586 esse
2033 1537 2172 1585 lucu-

302 1624 463 1672 lenter
502 1639 562 1672 ex
601 1624 676 1671 his
715 1624 986 1686 coryphaei
1023 1623 1191 1672 verbis
1230 1628 1442 1686 apparet
1480 1618 1746 1683 (270s71):

727 1710 869 1770 ἄλλά
905 1737 999 1786 μοι
1039 1718 1196 1770 δοκεῖ
1231 1713 1469 1779 στάντας
1506 1709 1704 1769 ἐνθάδ’
1742 1710 1949 1786 ὦνδρες

558 1796 797 1875 ᾄδοντας
833 1796 1014 1856 αὐτὸν
1053 1801 1320 1856 ἐκκαλεῖν.

304 1908 424 1958 Cum
476 1908 625 1970 igitur
674 1909 721 1956 in
774 1907 993 1957 eiusdem
1046 1908 1278 1956 carminis
1315 1907 1412 1956 fine
1450 1907 1790 1956 universus
1831 1908 2012 1955 chorus
2051 1919 2172 1956 cecl-

302 1994 433 2043 nerit
470 1991 639 2054 (290):
907 2050 932 2071 0
1054 2051 1067 2067 ἲ
1128 2052 1146 2060 -
1336 2050 1361 2071 o

897 2078 1050 2127 υπαγ
1105 2062 1152 2111 ὠ
1187 2068 1293 2112 παῖ
1326 2078 1523 2128 υπαγε,

302 2181 485 2229 pueros
536 2180 739 2228 quoque
778 2181 991 2214 omnes
1029 2180 1129 2213 una.
1180 2179 1304 2213 voce
1343 2164 1660 2227 respondisse
1700 2158 2004 2227 putabimus.
2080 2164 2176 2224 Qui

307 2267 492 2300 morem
545 2251 806 2300 chororum
859 2251 1146 2299 sollemnem
1191 2250 1347 2299 secuti
1385 2266 1591 2299 numero
1632 2250 1874 2312 singulari
1911 2252 1960 2298 et
1997 2248 2174 2312 plurali

306 2338 589 2400 promiscue
629 2341 850 2386 utuntur.
918 2338 1094 2399 Itaque
1133 2337 1393 2385 conamina
1429 2336 1528 2399 illa,
1566 2336 1745 2398 quibus
1784 2336 1913 2385 inter
1952 2336 2175 2399 singulos

306 2438 491 2486 pueros
553 2423 778 2486 singulae
840 2427 1007 2485 partes
1069 2438 1098 2470 a
1159 2419 1443 2481 Richtero3)
1507 2421 1896 2484 distribuuntur,
1957 2426 2174 2471 tractare

303 2509 618 2573 supersedeo.

445 2595 502 2642 In
561 2590 706 2643 Pacis
767 2595 904 2643 initio
962 2592 1106 2654 (114)
1162 2592 1346 2642 filiolae
1402 2593 1620 2655 Trygaei
1679 2592 1942 2656 prodeunt.
2029 2594 2172 2641 Duae

303 2680 538 2729 videntur
594 2680 748 2728 fuisse
798 2679 1072 2728 secundum
1131 2679 1284 2727 schol.
1322 2679 1444 2727 Ven.
1504 2678 1566 2726 ad
1617 2694 1662 2725 v.
1705 2682 1828 2728 137:
1886 2660 1932 2725 ὦ
1981 2672 2171 2741 μελέα·

306 2760 536 2824 δυϊκοός·
584 2760 726 2830 λέγει
767 2759 824 2812 δὲ
861 2756 1002 2829 πρὸς
1043 2754 1207 2826 ἄμφω
1245 2753 1316 2812 τὰ
1353 2758 1562 2811 παιδία.
1638 2764 1705 2812 At
1744 2764 1957 2812 dubitari
1997 2767 2175 2826 potest,

304 2855 464 2900 utrum
515 2867 692 2901 revera
743 2852 837 2900 hoc
885 2852 1127 2900 scholium
1175 2850 1429 2913 antiquam
1477 2850 1758 2898 memoriam
1799 2850 2056 2912 praebeat,
2111 2866 2173 2898 an

303 2931 470 3000 μελέα
521 2938 788 3000 singularis
837 2936 1001 2999 potius
1051 2935 1407 2985 existimandus
1459 2936 1535 2983 sit.
1610 2935 1690 2984 Sic
1741 2935 1869 2983 enim
1908 2934 2174 2996 legendum

305 3026 403 3085 est,
453 3038 551 3071 non
600 3017 714 3085 μέλ’
764 3012 853 3085 ἄν,
905 3021 1039 3085 quod
1089 3014 1198 3069 ἔδει
1249 3037 1348 3070 non
1401 3024 1515 3084 eget
1553 3021 1799 3082 particula
1838 3009 1921 3068 ἂν.
1998 3021 2173 3083 Itaque

306 3106 620 3168 Richterus4)
673 3113 860 3172 septem
912 3109 1102 3172 puellas
1154 3108 1306 3156 fuisse
1352 3108 1633 3169 suspicatur
1684 3122 1744 3155 ex
1790 3111 2001 3170 septem,
2051 3122 2174 3169 quos

448 3248 485 3297 1)
527 3244 593 3290 Cf.
626 3258 702 3289 vv.
731 3246 884 3300 270s71
921 3248 968 3289 et
996 3243 1146 3289 Nubb.
1173 3246 1303 3298 1212,
1345 3242 1423 3287 ubi
1467 3242 1587 3287 idem
1629 3245 1820 3287 metrum
1861 3242 2074 3297 occurrit,
2117 3242 2173 3286 ab

308 3314 530 3369 encomio,
562 3313 687 3370 quod
717 3317 851 3359 antea
881 3314 1068 3369 canitur,
1102 3313 1364 3357 discretum.

451 3385 485 3440 2)
516 3384 1049 3440 Rossbach-westphal,
1069 3384 1198 3428 Metr.
1221 3385 1237 3410 ³
1259 3397 1301 3439 p.
1325 3386 1429 3439 2393
1462 3382 1518 3428 cf.
1542 3383 1590 3428 G.
1613 3383 1738 3439 Muff,
1759 3383 1911 3429 Ueber
1940 3383 2031 3427 den
2057 3382 2173 3428 Vor-

306 3461 409 3513 trag
441 3456 482 3500 d.
515 3455 839 3512 Chorpartieen
870 3456 944 3501 bei
975 3456 1131 3511 Arist„
1162 3455 1293 3499 Halle
1329 3457 1448 3508 1872,
1479 3467 1524 3509 p.
1547 3458 1615 3498 40.

449 3531 466 3555 ³
517 3527 543 3572 1.
595 3562 604 3571 .
670 3563 678 3573 .
759 3564 768 3572 .

452 3530 488 3654 ’ζ
521 3532 776 3657 Ρξοίξςοδιῗι.
808 3598 867 3643 ad
888 3598 966 3643 Ar.
987 3599 1105 3654 Pac„
1136 3597 1286 3642 Berol.
1325 3601 1444 3652 1860,
1474 3610 1518 3654 p.
1540 3601 1605 3642 54.
