2548 4218
2086 284 2187 331 261

321 430 415 478 erit
453 427 781 477 inclinatus?v
828 427 1004 489 Itaque
1041 425 1322 488 Telephum
1362 424 1528 486 aliquo
1567 423 1674 472 loco
1716 423 1928 485 fabulae,
1978 421 2188 471 fortasse

320 529 431 562 cum
480 512 691 560 maxime
741 514 947 560 mortem
1000 509 1175 559 infanti
1227 510 1512 571 minaretur,
1569 523 1627 556 ea
1682 508 1836 555 verba
1887 507 2189 556 exclamasse

320 613 439 647 sane
478 596 736 659 probabile
775 600 862 646 est.
935 595 1170 654 Accedit,
1222 594 1355 657 quod
1401 593 1450 642 in
1500 594 1635 641 cistis
1673 590 1962 651 Etruscis,1)
2014 592 2190 654 quibus

319 683 489 732 eadem
517 697 700 730 scaena
725 684 1152 745 repraesentatur,
1189 679 1444 743 Telephus
1470 692 1724 741 pannosus
1750 676 1897 725 fictus
1924 679 2018 725 est:
2057 675 2189 738 quod

320 772 395 816 est
432 767 687 830 proprium
729 766 1033 828 Euripideae
1069 765 1284 813 fabulae.
1356 762 1580 812 Orestem
1622 763 1886 825 parvulum
1925 761 2189 810 simulacro

319 855 750 915 repraesentatum
782 866 892 900 esse
920 867 980 899 ex
1007 850 1128 914 ipsis
1154 849 1376 913 parodiis
1402 848 1774 911 Aristophaneis
1800 862 1953 910 supra
1983 845 2050 909 (p.
2068 843 2190 905 236)

321 937 627 1001 collegimus.

465 1038 733 1085 Praeterea
771 1037 915 1099 pueri
942 1028 1284 1085 ¹demonstrari
1311 1037 1519 1097 possunt
1544 1033 1593 1082 in
1621 1033 1855 1082 Theseo
1895 1037 1944 1080 et
1977 1032 2191 1094 Hippo-

319 1123 449 1186 lyto
489 1122 672 1185 priore,
721 1136 845 1184 quas
885 1121 1053 1170 ambas
1092 1120 1286 1168 fabulas
1326 1134 1436 1167 cum
1475 1118 1644 1181 Aegeo
1683 1118 1929 1179 trilogiam
1971 1117 2193 1165 effecisse

323 1211 460 1256 certa
499 1210 572 1256 est
598 1207 800 1255 Roberti
842 1202 1187 1262 coniectu1·a.²)
1245 1205 1480 1267 Sequitur
1519 1219 1638 1266 ergo
1666 1202 1858 1251 fabulas
1884 1205 1999 1250 ante
2026 1218 2066 1249 a.
2088 1203 2191 1250 428

320 1307 529 1342 scaenae
579 1292 866 1340 commissas
917 1306 1044 1355 esse,
1099 1306 1196 1353 quo
1236 1289 1563 1353 Hippolytum
1616 1289 1822 1336 alteram
1876 1291 2035 1334 actam
2084 1301 2192 1334 esse

323 1380 541 1431 constat3
582 1376 702 1439 quin
742 1377 888 1425 etiam
928 1380 1042 1424 ante
1082 1390 1264 1423 annum
1292 1377 1394 1424 431
1436 1389 1542 1422 eam
1569 1373 1819 1436 trilogiam
1847 1371 2042 1420 doctam
2071 1385 2195 1434 esse,

322 1463 684 1511 demonstravit
732 1455 1189 1521 Wilamowitziusss)
1246 1474 1307 1508 ex
1363 1474 1546 1507 scaena
1602 1474 1658 1507 ea
1715 1457 1932 1518 Medeae,
1988 1457 2037 1504 in
2094 1470 2194 1518 qua

320 1548 523 1611 Aegeus
561 1547 740 1611 prodit,
779 1563 923 1610 quam
962 1546 1046 1594 ille
1083 1545 1146 1594 ad
1174 1546 1392 1607 Aegeum
1422 1543 1741 1607 Euripideam
1769 1542 1970 1591 rettulit.
2016 1543 2193 1603 Neque

321 1648 440 1682 vero
480 1632 662 1681 multo
701 1636 814 1680 ante
853 1647 966 1680 eum
1005 1646 1186 1680 annum
1225 1630 1474 1693 trilogiam
1510 1643 1721 1678 scaenae
1750 1629 2059 1677 commissam
2085 1641 2191 1674 esse

322 1723 371 1768 et
408 1720 616 1781 propter
655 1718 910 1765 materiam
949 1716 1256 1780 propositam
1298 1711 1553 1777 (scelestas
1580 1714 1838 1763 mulierum
1868 1712 2196 1776 cupiditates),

322 1819 468 1867 quam
505 1802 610 1851 fere
648 1801 788 1851 initio
828 1802 1029 1851 alterius
1067 1802 1246 1850 aetatis
1287 1799 1556 1863 Euripides
1593 1799 1804 1848 maxime
1843 1799 2097 1858 tractavit,
2146 1803 2195 1846 et

321 1891 590 1952 propterea
628 1891 749 1951 puto
790 1887 1060 1936 Robertum
1096 1890 1315 1950 secutuS,
1356 1885 1489 1948 quod
1525 1886 1667 1934 nimis
1696 1885 1946 1946 antiquam
1974 1883 2192 1932 fabulam

322 1971 616 2037 Euripidem
657 1972 1040 2022 transformasse
1079 1972 1188 2020 veri
1229 1975 1303 2020 est
1340 1969 1592 2019 dissimile.
1655 1972 1832 2032 Itaque
1870 1970 2000 2018 inter
2037 1983 2195 2017 annos

322 2061 602 2109 438—431
643 2058 748 2106 iure
786 2058 898 2106 illas
935 2057 1134 2106 fabulas
1172 2070 1428 2120 ponemus,

324 2208 327 2212 Α
465 2159 520 2205 In
574 2151 767 2205 Theseo
818 2171 1091 2219 puerorum
1143 2155 1347 2204 chorum
1398 2155 1446 2202 in
1499 2169 1726 2203 scaenam
1777 2153 2034 2201 inductum
2086 2168 2195 2201 esse

323 2244 416 2291 iam
471 2242 661 2305 pridem
713 2243 804 2290 viri
858 2242 989 2290 docti
1043 2241 1422 2301 intellexerunt,
1478 2240 1614 2288 velut
1654 2238 1944 2287 Welckerus
1991 2239 2194 2287 chorum

322 2327 594 2390 legitimum
636 2330 684 2375 et
720 2327 856 2374 hunc
882 2341 1147 2389 puerorum
1175 2326 1379 2374 chorum
1406 2323 1616 2373 eundem
1644 2323 1795 2372 fuisse
1824 2323 2027 2384 censuit,
2067 2337 2196 2385 quae

322 2413 569 2461 sententia
625 2411 791 2460 adhuc
848 2415 980 2460 stare
1035 2411 1250 2460 videtur.
1337 2410 1619 2458 Adnotatur
1670 2410 1798 2457 enim
1848 2425 1877 2456 a
1928 2409 2197 2457 scholiasta

323 2498 502 2547 Veneti
544 2497 607 2545 ad
646 2497 999 2560 Aristophanis
1027 2498 1305 2560 Vesparum
1345 2497 1504 2544 locum
1546 2495 1698 2558 illum,
1736 2510 1833 2557 quo
1872 2495 2015 2557 pueri
2054 2509 2196 2557 prae-

327 2584 555 2632 lucentes
612 2599 723 2632 cum
779 2584 1004 2646 patribus
1060 2583 1371 2631 altercantur
1410 2580 1568 2644 (312),
1622 2581 1776 2629 verba
1832 2581 1976 2629 haec:
2031 2574 2085 2626 τί
2132 2593 2196 2643 με

326 2656 458 2734 δῆτ’,
485 2651 531 2716 ὦ
560 2664 729 2732 μελέα
754 2665 941 2732 μᾶτερ,
980 2660 1207 2728 ἔτικτες,
1247 2661 1337 2715 ἵνα
1362 2682 1456 2731 μοι
1481 2655 1779 2731 πράγματα
1806 2657 2031 2726 βόσκειν
2056 2679 2195 2728 παρ-

325 2750 465 2819 έχῃς;
517 2758 714 2818 sumpta
764 2770 873 2804 esse
924 2771 985 2804 ex
1023 2755 1280 2818 Euripidis
1319 2755 1539 2802 Theseo:
1590 2746 1704 2800 ἐκεῖ
1747 2745 1851 2817 γὰρ
1897 2749 2074 2800 ταῦτα
2115 2747 2194 2800 λέ-

325 2850 522 2904 γουσιν
560 2834 613 2889 οἱ
651 2833 984 2905 ταττόμενοι
1021 2838 1216 2899 παῖδες
1254 2836 1329 2899 εἰς
1367 2832 1543 2905 βορὰν
1569 2838 1651 2904 τῷ
1678 2832 2052 2903 Μινωταύρῳ.
2103 2841 2195 2888 His

324 2929 490 2977 verbis
529 2944 711 2991 pueros
760 2929 808 2976 in
849 2944 1031 2977 scaena
1068 2928 1217 2977 fuisse
1257 2933 1492 2977 canentes
1531 2927 1759 2991 efficitur,
1795 2942 1888 2976 nec
1926 2929 2192 2990 quicquam

325 3014 552 3077 impedit,
605 3015 865 3077 quominus
915 3016 1200 3079 Euripidem
1253 3017 1485 3076 septenos
1535 3029 1720 3076 pueros
1767 3014 2060 3076 puellasque
2111 3013 2194 3074 (ex

325 3099 492 3148 fabula
529 3100 814 3165 Phalerica‚
865 3101 926 3149 cf.
964 3102 1109 3150 etiam
1150 3102 1267 3150 Eur.
1295 3102 1441 3149 Herc.
1472 3095 1723 3161 1325l26)
1774 3100 2033 3148 induxisse
2083 3115 2191 3148 cum

328 3185 591 3235 Welckero
649 3187 1007 3252 existimemus»,
1063 3191 1116 3236 ut
1172 3186 1509 3250 spectantibus
1566 3191 1747 3235 sortem
1806 3186 2191 3235 crudelissimam

470 3382 506 3433 1)
536 3380 557 3423 Ι
587 3380 747 3425 relievi
787 3381 907 3426 delle
948 3395 1059 3426 urne
1098 3381 1322 3438 etrusohe,
1360 3382 1451 3426 vol.
1472 3382 1494 3425 I
1525 3382 1614 3438 (ed.
1641 3383 1834 3439 Brunn),
1865 3387 1897 3426 t.
1918 3381 2075 3427 XXVI
2091 3395 2191 3438 sqq.

467 3452 504 3505 2)
545 3450 740 3496 Roberti
784 3454 1089 3496 coniecturam
1131 3452 1507 3497 Wilamowitzius
1552 3454 1863 3509 pronuntiavit
1906 3454 2061 3498 Herm.
2091 3453 2193 3508 XV,

325 3526 403 3567 481
427 3534 525 3648 Ἓξ.
539 3592 693 3637 Herm.
715 3593 816 3649 XV,
847 3597 925 3638 481
948 3607 1050 3650 sqq.
