2548 4218
456 278 556 324 292

454 418 635 463 natura
672 414 895 476 requirit.
973 415 1068 464 Sed
1127 415 1215 462 has
1268 429 1346 462 res
1386 415 1784 476 contemplantes
1830 416 1925 464 iam
1962 416 2013 463 iu
2053 431 2159 465 eam
2200 415 2328 464 dela-

456 500 618 548 bimur
655 500 1013 562 quaestionem,
1054 515 1184 562 quae
1223 500 1372 548 totius
1399 500 1830 548 commentationis
1869 515 2058 549 summa
2096 504 2185 562 est,
2223 516 2331 549 eam

455 585 580 643 dico,
620 587 674 632 ut
712 587 965 633 auctorem
1018 584 1163 633 huius
1202 583 1351 634 moris
1389 583 1606 632 scaenici
1648 585 2018 647 investigemus.
2093 584 2239 646 Quod
2279 589 2334 634 ut

454 685 635 719 revera
688 669 1016 733 perficiamuS‚
1066 669 1376 732 singulorum
1431 670 1640 717 maxime
1680 673 1943 732 poetarum
1983 669 2179 719 indoles
2217 670 2333 718 mihi

453 754 803 818 respiciendae
831 753 1080 817 videntur,
1120 759 1174 802 ut
1211 755 1354 803 cuius
1380 755 1581 816 ingenio
1610 759 1827 804 mutatus
1854 755 1935 804 ille
1962 755 2331 818 tragoediarum

455 841 609 901 color,
647 840 841 902 qualem
870 838 1017 888 modo
1058 838 1365 901 adumbravi,
1404 839 1610 887 maxime
1638 840 1915 899 conveniat,
1955 840 2333 889 constituamus,

454 926 619 987 Atque
669 924 802 973 haud
855 924 956 972 scio
1010 940 1073 972 an
1129 924 1383 973 meliorem
1431 924 1480 971 in
1535 924 1627 972 hac
1678 925 1760 972 via
1811 923 1987 972 ducem
2040 926 2182 988 sequi
2234 941 2331 974 non

454 1011 700 1072 possimus
751 1025 898 1072 quam
937 1009 1323 1072 Aristophanem
1364 1009 1627 1071 comicum,
1679 1009 1863 1073 quippe
1917 1011 2002 1073 qui
2043 1014 2179 1059 certo
2219 1026 2333 1060 acu·

455 1095 585 1143 mine
625 1110 683 1142 ea
731 1095 853 1143 artis
892 1093 1194 1157 Euripideae
1234 1094 1439 1157 propria
1477 1094 1837 1156 designaverit,
1888 1110 2017 1158 quae
2055 1110 2085 1143 a
2122 1096 2336 1159 pristina

454 1178 742 1241 tragoediae
781 1179 1026 1241 gravitate
1053 1179 1324 1228 abhorrere
1363 1179 1713 1228 arbitrabatur.
1788 1181 1999 1229 Exstant
2026 1184 2190 1229 autem
2229 1181 2335 1230 eius

455 1265 643 1327 iudicia
695 1280 804 1313 cum
857 1264 1041 1326 passim
1093 1265 1141 1313 in
1182 1265 1410 1314 omnibus
1451 1265 1714 1315 comoediis
1751 1268 1856 1314 tum
1907 1267 1956 1314 in
1995 1266 2202 1330 Ranis,
2252 1266 2336 1315 ubi

454 1351 539 1398 lite
578 1350 663 1398 illa
701 1350 831 1399 inter
858 1349 1161 1414 Aeschylum
1202 1354 1251 1399 et
1278 1350 1567 1413 Euripidem
1594 1349 1709 1399 ficta
1746 1349 1883 1399 haud
1921 1351 2152 1414 ambigue
2191 1366 2334 1400 suum

455 1436 696 1499 pristinae
750 1450 964 1499 poeseos
1022 1451 1262 1495 amorem,
1318 1437 1535 1486 recentis
1591 1435 1757 1485 odium
1816 1436 2068 1499 patefecit.
2161 1435 2336 1500 Itaque

457 1519 668 1582 primum
725 1509 792 1567 τὸ
850 1510 1280 1584 δημοκρατικόν,
1345 1524 1399 1568 ιιι
1457 1521 1614 1584 ipsius
1670 1520 1923 1582 Euripidis
1981 1520 2337 1583 Aristophanei

456 1605 622 1655 verbis
662 1609 772 1655 utar
799 1603 925 1665 (ran.
954 1603 1094 1669 952),
1130 1609 1186 1654 ut
1223 1606 1439 1654 recentis
1467 1620 1678 1668 poeseos
1706 1606 1957 1668 peculiare
1996 1607 2118 1654 scite
2156 1607 2338 1655 affert:

459 1707 557 1754 quo
628 1690 897 1754 opprobrio
969 1705 1090 1739 vera
1151 1689 1408 1754 Euripidis
1471 1694 1650 1740 natura
1709 1691 2051 1755 pestringitur.
2144 1692 2337 1754 Nempe

467 1777 687 1825 comicus
740 1791 831 1825 suo
870 1791 1008 1825 more
1047 1790 1140 1839 per
1176 1777 1338 1825 iocum
1369 1776 1658 1839 Euripidem
1697 1776 1821 1826 adeo
1860 1771 2167 1841 παρρησίας
2205 1792 2252 1840 q.
2278 1792 2339 1840 V„

462 1877 591 1924 quae
642 1864 714 1910 est
752 1861 966 1910 absoluti
1006 1861 1199 1925 imperii
1240 1861 1495 1925 popularis
1532 1861 1744 1925 insigne,
1795 1867 2040 1911 amantem
2081 1861 2235 1924 fingit,
2285 1864 2340 1910 ιιι

459 1961 631 1996 servos
684 1962 852 2010 reges,
902 1946 1122 2009 virgines
1171 1962 1297 1996 anus
1336 1961 1493 2009 aeque
1533 1945 1717 1995 diserte
1767 1947 1903 2010 loqui
1942 1945 2167 2003 iubeat.¹)
2241 1945 2339 1996 Sed

462 2032 539 2081 his
580 2033 701 2081 iocis
729 2032 921 2081 omissis
961 2032 1083 2080 nihil
1118 2031 1253 2080 aliud
1292 2032 1342 2080 in
1381 2031 1466 2080 illo
1496 2031 1893 2080 crimine‘latere
1931 2035 2052 2095 puto
2091 2031 2184 2081 nisi
2223 2032 2339 2081 hoc:

460 2117 747 2180 Euripidem
800 2117 1005 2165 nimium
1058 2131 1178 2165 suae
1229 2117 1406 2166 aetatis
1456 2115 1612 2165 indoli
1658 2116 1905 2166 tribuisse.
1979 2118 2157 2180 Neque
2210 2118 2338 2167 enim

459 2217 586 2265 opus
637 2208 712 2251 est
763 2217 1032 2264 exponere,
1085 2217 1232 2265 quam
1285 2205 1424 2250 arcto
1463 2201 1665 2251 vinculo
1717 2217 1774 2250 ea
1821 2202 2130 2266 reipublicae
2167 2202 2341 2265 forma,

460 2303 609 2351 quam
651 2282 1030 2352 δημοκρατίαν
1057 2287 1316 2348 vocabant,
1357 2302 1468 2336 cum
1509 2292 1612 2336 tota
1650 2288 1782 2337 illius
1822 2287 2120 2351 sophisticae
2159 2288 2336 2336 aetatis

460 2373 627 2422 indole
679 2373 943 2422 coniuncta
992 2372 1155 2421 fuerit.
1229 2373 1305 2421 Ac
1355 2387 1522 2422 nonne
1578 2388 1757 2422 revera
1807 2373 1893 2422 illa
1931 2372 2188 2437 Euripidis
2226 2388 2340 2422 con-

461 2458 688 2523 suetud0‚
725 2473 970 2522 personas
1008 2457 1298 2520 tragoediae
1336 2473 1484 2520 quam
1527 2459 1737 2507 maxime
1777 2458 1926 2521 humi,
1966 2462 2020 2507 ut
2056 2459 2126 2507 ita
2164 2458 2340 2518 dicam,

461 2544 757 2593 detrahendi
804 2549 956 2607 atque
1012 2544 1288 2593 cotidianae
1340 2545 1471 2593 vitae
1524 2544 1955 2604 accommodandi,
2014 2545 2222 2594 maxime
2279 2561 2340 2594 ex

461 2646 632 2680 eorum
673 2630 920 2679 sententia
971 2641 1082 2678 esse
1121 2629 1343 2693 videtur,
1394 2631 1478 2693 qui
1527 2631 1699 2694 populi
1750 2631 1798 2678 in
1838 2630 2231 2679 administranda
2268 2646 2342 2679 re·

461 2715 662 2778 publica
711 2715 989 2764 absolutam
1044 2718 1341 2778 potestatem
1382 2715 1744 2779 comprobant?
1817 2716 1934 2764 Illos
1975 2716 2102 2764 enim
2142 2731 2342 2778 quoque

462 2817 622 2865 aequo
675 2801 905 2850 omnibus
955 2801 1061 2849 iure
1102 2815 1341 2849 concesso
1386 2801 1666 2864 principum
1707 2801 1940 2850 nobilium
1982 2802 2111 2850 inter
2150 2805 2344 2850 ceteros

467 2888 787 2935 eminentium
818 2887 1033 2935 honores
1058 2886 1318 2949 aspernari
1345 2902 1437 2949 par
1465 2890 1552 2935 est.
1590 2887 1767 2949 Itaque
1790 2886 2074 2949 EuripideS,
2101 2889 2154 2935 ut
2180 2901 2342 2949 aequo

464 2973 573 3021 iure
612 2987 784 3021 omnes
824 2972 1265 3035 complecteretur,
1305 2972 1474 3034 pueris
1516 2987 1718 3036 quoque
1765 2973 2023 3035 proprium
2073 2972 2121 3020 in
2162 2987 2344 3021 scaena

464 3165 551 3196 nos
587 3150 728 3196 nihilo
759 3152 911 3196 secius
940 3150 1247 3208 Aeschyleam
1278 3151 1562 3208 tragoediam
1592 3151 1747 3207 pueris
1778 3151 1978 3195 caruisse
2009 3150 2264 3206 statuimus,
2296 3151 2343 3195 id

464 3223 522 3267 ad
552 3227 818 3279 apparatum
850 3222 1129 3279 scaenicum,
1161 3236 1255 3266 non
1286 3223 1344 3266 ad
1375 3223 1531 3278 poesis
1562 3230 1765 3267 naturam
1797 3225 1991 3278 spectat.
2051 3221 2192 3266 Aliud
2222 3222 2342 3266 enim

466 3298 538 3339 est
577 3294 635 3338 de
676 3293 830 3350 pueris
868 3306 1072 3348 narrare,
1118 3293 1242 3338 aliud
1291 3307 1461 3349 pueros
1493 3297 1684 3350 agentes
1714 3293 1879 3338 facere.
1908 3319 1960 3324 —
1990 3293 2220 3338 Scholium
2250 3294 2342 3338 Ro-

464 3366 596 3410 berto
628 3365 791 3410 debeo.

610 3438 646 3493 ¹)
676 3437 771 3481 vid.
799 3435 877 3481 Ar.
907 3449 1000 3481 ran.
1032 3441 1113 3482 948
1135 3450 1259 3494 sqq.:
1309 3430 1455 3481 ἔπειτ’
1498 3430 1593 3481 ἀπὸ
1633 3441 1730 3480 τῶν
1769 3430 1978 3494 πρώτων
2024 3431 2156 3481 ἐπῶν
2202 3430 2343 3481 οὐδὲν

465 3509 642 3566 παρῆκ’
675 3502 732 3552 ἂν
764 3502 930 3565 ἀργόν,
963 3503 1062 3552 ἀλλ’
1095 3503 1265 3565 ἔλεγεν
1306 3506 1332 3565 ἢ
1367 3504 1484 3565 γυνή
1521 3503 1568 3552 τὲ
1598 3523 1680 3563 μοι
1707 3503 1781 3564 χω)
1813 3509 1982 3561 δοῦλος
2014 3501 2153 3553 οὐδὲν
2183 3497 2342 3567 ἦττον,

463 3574 534 3638 χώ
567 3576 803 3637 δεσπότης
831 3574 892 3636 χή
922 3575 1173 3641 παρθένος
1199 3573 1261 3641 χή
1291 3584 1443 3641 γραῦς
1475 3572 1545 3627 ἄν.
