2548 4218
2052 338 2152 384 223

290 486 340 531 et
388 482 665 531 Alcestidis.
757 482 1139 543 Prosequuntur
1189 495 1298 527 cum
1353 482 1494 542 patre
1546 482 1750 526 matrem
1802 478 2157 541 moribundam,

290 568 405 616 dum
462 584 488 615 e
544 567 688 615 domo
746 566 1023 629 egreditur,
1078 568 1130 614 ut
1169 580 1399 628 supremo
1441 564 1630 612 coelum
1670 564 1921 626 solemque
1973 565 2157 612 salutet

289 651 448 712 (233).
534 653 827 700 Nominibus
879 652 1022 714 pueri
1073 651 1121 699 in
1174 650 1344 699 fabula
1394 651 1579 697 carent.
1664 648 1880 697 Putandi
1931 652 2048 697 sunt
2094 649 2154 697 ad

289 739 467 787 lectum
510 738 678 785 matris
716 737 1053 799 procumbere,
1093 751 1267 785 manus
1306 735 1348 784 ei
1375 734 1687 798 protendere,
1726 735 1893 797 qualia
1916 735 1966 782 in
1994 750 2157 782 sarco-

290 823 468 887 phagis
524 823 757 871 Romanis
796 822 910 870 ficta
959 822 1196 870 videmus.
1271 823 1538 883 Postquam
1596 820 1810 868 Alcestis
1872 835 2156 882 supremum

289 909 514 971 spiritum
556 907 755 965 efflavit,
795 923 920 969 puer
960 907 1202 956 canticum
1234 905 1423 970 profert
1449 905 1617 954 matris
1644 912 1848 954 mortem
1878 905 2156 968 deplorans.

290 995 499 1042 Domum
541 993 752 1042 redeunt
789 993 957 1056 pueri,
1010 997 1063 1040 ut
1102 993 1299 1055 opinor,
1353 1007 1396 1039 v.
1424 994 1552 1054 434,
1601 1006 1709 1039 cum
1749 993 1905 1053 patre.
1979 992 2159 1039 Postea

289 1079 336 1127 in
379 1079 554 1127 funere
592 1079 766 1127 iterum
807 1093 890 1126 eos
929 1079 976 1125 in
1018 1093 1246 1126 scaenam
1287 1076 1530 1141 prodiisse
1567 1076 1885 1125 statuendum
1926 1079 2013 1125 est.

434 1163 630 1211 Deinde
681 1164 726 1210 in
770 1157 945 1211 Medea
986 1162 1233 1224 Euripidis
1285 1162 1521 1210 habemus
1560 1161 1685 1210 duos
1725 1176 1932 1224 pueros,
1983 1161 2160 1210 filiolos

288 1250 494 1298 Medeae
546 1255 595 1297 et
639 1249 856 1309 Iasonis,
908 1249 988 1311 qui
1039 1248 1177 1296 initio
1230 1248 1430 1296 fabulae
1470 1245 1578 1308 (46)
1618 1264 1646 1296 a
1686 1246 1978 1310 paedagogo
2020 1246 2157 1296 ducti

290 1335 576 1395 adveniunt,
614 1338 667 1383 ut
692 1334 889 1382 videtur
916 1350 975 1382 ex
1004 1334 1279 1397 palaestra3
1317 1335 1365 1382 in
1404 1349 1586 1382 scaena
1624 1336 1883 1382 morantur
1912 1348 2068 1396 usque
2096 1333 2158 1381 ad

288 1437 336 1469 v.
357 1423 445 1476 95;
485 1426 587 1468 tum
616 1420 745 1469 enim
772 1437 801 1469 a
828 1420 1021 1468 nutrice
1049 1420 1098 1467 in
1126 1419 1322 1468 domum
1352 1418 1627 1467 mittuntur.
1702 1419 1883 1467 Iterum
1914 1418 2163 1481 prodeunt

295 1523 324 1555 a
361 1511 517 1555 matre
555 1506 751 1555 evocati
791 1522 835 1554 v.
875 1508 998 1566 894,
1053 1509 1107 1553 ut
1146 1509 1335 1568 patrem
1377 1504 1674 1553 salutatione
1715 1520 1772 1552 ac
1810 1504 2163 1553 blandimentis

293 1595 653 1640 commoveant.
742 1592 808 1639 At
858 1591 1001 1654 pueri
1053 1590 1194 1653 muti,
1242 1593 1295 1638 ut
1346 1590 1545 1639 omnino
1594 1588 1707 1637 dum
1748 1591 1797 1637 in
1838 1604 2016 1638 scaena
2052 1605 2163 1639 ver-

291 1680 481 1726 santur.
557 1678 820 1725 Mittuntur
849 1675 1030 1725 deinde
1058 1691 1165 1724 cum
1206 1675 1348 1724 donis
1386 1675 1482 1724 illis
1509 1675 1800 1738 perniciosis
1839 1674 1902 1723 ad
1938 1676 2165 1725 Creontis

291 1763 438 1811 filiam
479 1760 624 1821 (956)
659 1765 850 1825 patrem
879 1764 1148 1824 sequentes
1176 1760 1259 1821 (cf.
1286 1777 1331 1808 v.
1355 1756 1531 1825 1137);
1572 1764 1627 1808 ut
1654 1762 1852 1809 omnino
1881 1762 1974 1810 hoc
2002 1764 2166 1824 potest

291 1848 570 1910 observari,
619 1862 803 1910 pueros
856 1847 1072 1910 tragicos
1125 1847 1284 1895 solere
1333 1846 1382 1894 iu
1423 1861 1652 1895 scaenam
1694 1846 1896 1909 prodire
1935 1863 2034 1895 non
2073 1848 2164 1896 nisi

291 1935 353 1983 ab
417 1933 600 1982 adultis
658 1932 937 1989 hominibus
1001 1931 1282 1995 comitatos,
1335 1932 1412 1979 eui
1466 1932 1563 1994 legi
1616 1947 1768 1980 unum
1813 1931 1950 1980 illum
2004 1933 2163 1980 locum

294 2019 441 2067 video
483 2019 798 2081 obstrepere,
837 2034 936 2080 quo
978 2017 1152 2066 Medea
1191 2017 1372 2066 liberos
1411 2018 1633 2065 insontes
1671 2017 1919 2080 aspiciens
1959 2016 2168 2066 diversis

296 2105 446 2152 animi
486 2103 694 2153 motibus
736 2103 1040 2165 distrahitur,
1079 2103 1236 2151 donec
1275 2103 1433 2150 dirum
1473 2102 1633 2151 scelus
1665 2102 1905 2165 perficere
1932 2103 2171 2151 decernat

298 2187 705 2252 (1019—1080).
781 2190 853 2238 lbi
894 2190 1021 2238 enim
1061 2188 1343 2251 paedagogi
1384 2187 1668 2251 praesentia
1707 2204 1805 2237 non
1845 2191 2011 2251 potest
2049 2190 2168 2238 tole-

292 2276 417 2340 rari,
468 2276 635 2338 itaque
689 2276 736 2323 in
779 2275 974 2324 domum
1016 2275 1224 2323 mittitur
1262 2290 1307 2322 v.
1337 2277 1486 2323 1019.
1527 2298 1592 2305 —-
1630 2273 1750 2338 Sed,
1801 2279 1855 2323 ut
1892 2274 2171 2339 redeamus,

298 2360 432 2410 unde
484 2374 654 2408 sumus
707 2359 940 2422 digressi,
990 2359 1131 2422 pueri
1185 2374 1245 2407 ex
1297 2359 1441 2407 domo
1480 2358 1691 2407 redeunt
1730 2375 1837 2408 cum
1877 2358 2168 2423 paedagogo

299 2463 343 2495 v.
374 2449 528 2509 1002,
566 2446 649 2508 qui
688 2461 779 2508 pro
819 2445 889 2493 eis
916 2445 1070 2493 verba
1098 2444 1215 2493 facit
1242 2443 1403 2507 (pueri
1431 2444 1558 2492 enim
1586 2442 1743 2503 muti).
1816 2446 1918 2493 Iam
1947 2445 2170 2508 sequitur

295 2548 353 2581 ea
403 2547 612 2595 scaena,
662 2530 723 2579 de
772 2531 1055 2593 quamodo
1095 2531 1319 2578 diximus.
1393 2530 1730 2592 Pel-mulcere,
1781 2530 2020 2594 oseulari,
2069 2547 2172 2579 am-

297 2618 447 2680 plecti
499 2619 701 2664 matrem
754 2616 935 2665 liberos
998 2616 1130 2664 clare
1183 2616 1300 2664 dicit
1344 2618 1493 2678 poeta
1540 2631 1617 2663 vv.
1649 2619 1784 2666 1070
1811 2628 1940 2679 sqq.;
2003 2620 2168 2665 tamen

299 2719 404 2752 eam
444 2718 627 2766 pueros
666 2703 925 2751 sustulisse
965 2703 1047 2750 vix
1088 2701 1406 2764 crediderim,
1453 2702 1570 2765 quia
1608 2717 1707 2750 non
1748 2706 1802 2751 ut
1838 2701 2055 2751 infantes
2093 2702 2171 2751 vel

296 2789 482 2837 trimuli
522 2793 638 2836 sunt
677 2789 942 2852 cogitandi,
981 2787 1070 2837 sed
1109 2788 1278 2852 paullo
1317 2788 1408 2835 iam
1450 2788 1674 2846 maiores,
1714 2787 1773 2836 de
1814 2803 1913 2851 qua
1950 2804 2005 2838 re
2042 2788 2171 2837 infra

298 2873 652 2938 disputandum
704 2873 860 2934 erit.1)
948 2876 1068 2923 Post
1119 2890 1166 2922 v,
1194 2876 1330 2924 1080
1383 2873 1526 2937 pueri
1578 2873 1775 2923 domum
1824 2875 2032 2936 ingressi
2071 2890 2171 2923 non

299 2962 394 3008 iam
436 2961 762 3024 aspiciuntur,
799 2975 948 3010 voces
985 2960 1222 3009 auxilium
1262 2962 1532 3023 petentium
1567 2963 1682 3023 post
1707 2975 1937 3009 scaenam
1965 2959 2170 3009 audiun-

298 3050 381 3095 tur
438 3061 518 3094 vv.
559 3049 835 3096 1271-72
888 3049 936 3095 et
990 3048 1291 3104 1277-78,
1349 3046 1432 3109 qui
1482 3046 1691 3112 trimetri
1739 3045 1869 3094 inter
1919 3044 2172 3095 dochmios

301 3132 440 3180 chori
481 3132 654 3180 inserti
695 3136 824 3181 sunt.
898 3133 955 3180 In
994 3131 1090 3180 fine
1131 3147 1342 3194 corpora
1380 3146 1633 3180 caesorum
1673 3132 1721 3179 in
1750 3146 1900 3180 curru
1927 3131 2173 3195 anguibus

304 3215 499 3265 sublato
527 3220 784 3278 apparent.
825 3215 989 3275 Vides,
1028 3232 1175 3278 quam
1217 3216 1368 3264 multa
1406 3231 1497 3264 nec
1534 3216 1661 3264 levia
1698 3215 1747 3264 in
1785 3215 1879 3264 hae
1913 3216 2172 3278 tragoedia

299 3304 448 3363 poeta
502 3302 668 3363 pueris
725 3301 920 3364 agenda
968 3302 1299 3364 imposuerit·
1359 3302 1535 3363 Neque
1586 3302 1710 3350 enim
1758 3301 2048 3350 satishabuit
2086 3316 2172 3350 eos

447 3436 480 3494 ¹)
511 3436 887 3482 Wilamowitzius
919 3438 1092 3492 (Herm.
1114 3437 1216 3493 XV,
1246 3450 1291 3492 p.
1314 3437 1440 3492 497),
1480 3450 1675 3493 eumque
1715 3442 1901 3481 secutus
1941 3436 2171 3480 Arnimius

300 3508 400 3564 (Ed.
423 3507 544 3552 Med.
574 3508 632 3551 ad
661 3522 704 3552 v.
727 3511 825 3565 905)
857 3510 915 3554 ad
933 3524 976 3554 v.
999 3513 1080 3554 905
1107 3509 1342 3563 adnotant,
1374 3509 1579 3553 Medeam
1602 3509 1790 3553 alterum
1811 3522 1998 3565 puerum
2022 3513 2171 3553 sustu-

298 3579 407 3623 lisse
448 3583 585 3635 atque
625 3579 827 3625 saviasse
865 3580 1153 3636 cogitandam
1195 3592 1320 3634 esse3
1361 3580 1516 3636 itaque
1545 3593 1714 3636 pueros
1744 3580 1807 3623 illi
1837 3583 1999 3635 putant
2028 3579 2170 3627 fuisse

301 3650 509 3696 trimulos
541 3648 615 3694 vel
646 3650 977 3708 quadrimulos3
1009 3663 1142 3711 quam
1175 3650 1437 3708 opinionem
1468 3649 1586 3699 infra
1614 3651 1895 3700 examinabo.
