2548 4218
413 284 515 331 238

411 427 744 485 persuaserat,
772 440 872 486 (1113
901 424 963 472 de
991 440 1046 473 re
1074 425 1216 473 nobis
1243 425 1372 474 infra
1397 426 1556 476 fusius
1585 426 1935 491 disputandum
1965 432 2071 479 erit.
2134 430 2280 492 Quod

411 509 475 557 ad
516 525 772 558 numerum
813 525 1082 571 puerorum
1123 513 1313 572 attinet,
1351 512 1444 559 iam
1474 509 1733 573 Beerius1)
1773 531 1943 564 verum
1979 517 2121 565 vidit:
2161 522 2282 566 tres

411 593 565 642 fuisse
603 598 815 657 propter
854 600 952 643 tres
993 596 1290 659 Carcinitas,
1346 598 1430 658 qui
1483 598 1530 645 in
1572 597 1668 647 fine
1720 599 1915 649 fabulae
1966 600 2122 661 (1501
2153 601 2281 666 sqq.)

410 679 662 740 prodeunt
711 680 950 728 saltaturi.
1042 680 1136 740 Qui
1189 696 1299 729 cum
1356 681 1419 729 ob
1472 682 1672 731 brevem
1727 699 1988 748 corporum
2041 692 2281 736 staturam

410 764 734 827 irrideantur,
779 780 809 812 a
846 765 1014 827 pueris
1053 771 1204 828 atque
1243 766 1301 814 iis
1340 767 1536 829 quidem
1576 769 1719 831 ipsiS,
1757 771 1841 832 qui
1881 777 2028 820 antea
2065 774 2282 822 laternas

408 851 651 908 tulerant,
722 851 816 898 acti
874 865 983 899 esse
1039 851 1249 913 putandi
1306 856 1444 916 sunt,
1506 853 1750 915 siquidem
1808 858 2282 921 parachoregemate

409 936 559 984 semel
597 936 801 984 inducto
841 937 1028 998 largius
1076 938 1146 985 uti
1186 937 1434 986 sollemnis
1472 938 1565 987 fuit
1603 943 1781 1002 poetae
1819 956 1920 1006 ars;
1972 942 2142 1006 itaque
2180 949 2281 994 tres

409 1021 647 1069 habemus
708 1036 893 1083 pueros
949 1023 1323 1084 praelucentes,
1384 1039 1495 1071 nam
1553 1028 1653 1073 tres
1710 1026 1944 1076 videntur
2000 1029 2281 1078 Carcinitae

409 1107 682 1156 saltavisse.
728 1107 873 1155 Hanc
911 1123 1029 1156 vero
1070 1109 1404 1157 coniecturam
1445 1110 1479 1157 1.
1507 1110 1822 1171 Richterus2)
1863 1128 1960 1161 non
2014 1130 2105 1177 pro
2145 1119 2282 1163 certa

408 1193 658 1256 accipiens
715 1193 843 1241 inter
888 1195 1054 1243 varias
1112 1195 1385 1243 sententias
1442 1194 1620 1244 dubius
1675 1197 1871 1259 pendet.
1973 1199 2092 1248 Cum
2152 1201 2279 1249 enim

408 1281 615 1341 propter
652 1293 699 1325 v.
730 1280 885 1327 1512:

747 1366 793 1424 ὦ
830 1365 1078 1442 Καρκίν’,
1118 1370 1165 1425 ὠ
1199 1369 1433 1443 μακάριε
1469 1376 1569 1444 τῆς
1607 1367 1896 1441 εὐπαιδίας

406 1497 599 1555 patrem
656 1492 813 1554 ipsum
865 1508 973 1541 cum
1031 1493 1188 1542 tribus
1237 1493 1349 1542 filiis
1399 1495 1685 1558 saltavisse,
1741 1500 1827 1545 aut
1877 1498 2026 1546 etiam
2074 1502 2282 1562 propter

406 1582 692 1642 sequentem
734 1591 955 1628 versum:

664 1666 801 1728 ὅσον
840 1671 905 1728 τὸ
943 1676 1169 1746 πλῆθος
1208 1674 1511 1729 κατέπεσεν
1548 1677 1666 1729 τῶν
1705 1668 1948 1746 ὀρχίλων

405 1781 576 1843 plures
602 1781 929 1830 homunculos
954 1782 1004 1829 iu
1033 1781 1290 1830 orchestra
1329 1782 1622 1845 apparuisse
1662 1783 1899 1832 credibile
1940 1785 2017 1847 slt,
2053 1787 2140 1833 aut
2178 1789 2280 1834 tres

403 1869 490 1914 aut
545 1869 783 1929 quattuor
833 1871 920 1915 aut
969 1867 1138 1930 plures
1190 1883 1388 1930 quoque
1439 1883 1620 1931 pueros
1670 1870 2019 1932 praelucentes
2071 1871 2279 1935 cogitari

403 1967 564 2014 posse.
637 1951 706 2001 At
754 1953 840 2016 qui
886 1956 1065 2016 poetae
1112 1968 1254 2002 usum
1294 1955 1452 2017 novit,
1502 1959 1600 2003 tam
1641 1954 1850 2004 obscure
1889 1971 1999 2004 eum
2039 1971 2280 2018 personas

401 2037 709 2101 prodeuntes
762 2054 861 2087 non
913 2039 1114 2102 signare
1164 2039 1320 2101 probe
1370 2040 1483 2102 scit,
1535 2046 1590 2088 ut
1639 2055 1738 2089 non
1791 2040 1952 2090 dicam
2010 2041 2105 2090 hoc
2155 2042 2280 2091 nihil

403 2123 586 2173 habere
614 2123 840 2183 mirandi,
881 2124 1014 2187 quod
1045 2125 1302 2186 CarcinuS,
1341 2126 1445 2173 sive
1484 2125 1627 2174 adest
1666 2127 1796 2175 inter
1834 2130 2146 2191 spectatores
2175 2128 2280 2177 sive

403 2225 529 2269 non,
581 2211 644 2259 ob
695 2209 904 2259 filiorum
955 2210 1166 2259 virtutes
1216 2211 1501 2274 appellatur
1551 2215 1697 2275 atque
1750 2213 2045 2262 celebratur.
2132 2212 2278 2275 Quod

404 2297 585 2345 attinet
624 2300 788 2345 autem
828 2296 892 2344 ad
931 2311 1132 2346 versum
1175 2298 1332 2347 1513:

660 2383 798 2445 ὅσον
834 2387 901 2444 τὸ
938 2394 1160 2459 πλῆθος
1197 2391 1502 2445 κατέπεσεν
1539 2394 1659 2446 τῶν
1697 2385 1951 2463 ὀρχίλων,

403 2497 517 2546 inde
566 2513 794 2560 magnam
849 2497 1263 2546 homunculorum
1319 2498 1681 2547 multitudinem
1734 2501 1784 2547 in
1823 2500 2127 2548 orchestram
2167 2516 2276 2563 pro·

403 2582 552 2632 diisse
601 2583 831 2632 concludi
873 2584 1073 2632 omnino
1113 2599 1212 2632 non
1253 2589 1438 2647 potest,
1489 2585 1607 2647 quia
1645 2585 1762 2634 illud
1801 2586 2104 2635 enuntiatum
2143 2590 2279 2635 arcte

402 2668 590 2731 pendet
628 2685 687 2718 ex
728 2669 1082 2732 antecedente,
1132 2670 1388 2732 speciatim
1428 2674 1620 2733 spectat
1657 2670 1720 2719 ad
1760 2687 1932 2720 vocem
1971 2659 2276 2731 εὐπαιδίας,

403 2771 529 2817 quae
568 2755 797 2804 nimirum
837 2755 900 2803 ad
939 2758 1042 2803 tres
1070 2755 1265 2805 Carcini
1301 2755 1428 2804 filios
1465 2755 1736 2805 referenda
1775 2761 1863 2806 est.
1926 2757 2071 2818 Quod
2111 2762 2275 2806 autem

403 2840 464 2889 de
499 2841 656 2889 tribus
683 2855 855 2889 vocem
883 2837 1106 2906 πλῆθος
1135 2842 1409 2904 usurpavit,
1448 2857 1506 2890 eo
1532 2843 1785 2905 aptissime
1813 2843 2108 2906 explicatur,
2146 2842 2278 2905 quod

401 2929 504 2974 tres
543 2925 724 2975 fratres
763 2925 1003 2992 deinceps
1042 2941 1273 2975 scaenam
1311 2927 1519 2986 intrant,
1570 2928 1636 2975 ita
1675 2931 1730 2976 ut
1767 2928 1892 2976 alius
1929 2928 2010 2976 alii
2052 2929 2278 2992 corporis

403 3012 647 3060 brevitate
686 3015 736 3060 et
774 3012 895 3060 miro
934 3012 1103 3061 habitu
1142 3012 1408 3061 antecellat
1446 3010 1626 3072 (1511:
1667 2998 1697 3060 ὁ
1735 3004 2139 3077 σμικρότατος),
2177 3029 2278 3077 qua

401 3112 457 3146 re
515 3097 840 3145 multitudinis
897 3098 1087 3161 species
1139 3099 1310 3147 oritur.
1363 3124 1434 3131 --
1483 3099 1584 3147 Iam
1639 3098 1759 3162 quid
1811 3099 1871 3148 de
1921 3099 2114 3148 ratione
2164 3116 2276 3163 pro-

403 3182 665 3231 nuntiandi
719 3183 826 3231 erui
874 3184 1051 3246 possit,
1104 3183 1376 3232 videamus.
1451 3185 1672 3233 Primum
1717 3185 1812 3234 hoc
1849 3185 2149 3234 monendum
2188 3190 2275 3244 est,

404 3267 701 3331 colloquium
742 3269 872 3317 inter
910 3272 1080 3331 patres
1119 3274 1168 3317 et
1205 3270 1332 3318 filios
1371 3269 1498 3330 (sive
1537 3274 1730 3333 patrem
1770 3273 1820 3319 et
1844 3263 2019 3335 filium)
2059 3271 2275 3320 habitum

401 3348 764 3417 (248—257),
816 3369 914 3415 quo
966 3359 1115 3417 poeta
1165 3370 1434 3416 puerorum
1485 3355 1739 3404 lasciviam
1790 3357 1992 3419 egregie
2037 3356 2278 3420 depinxit,

547 3538 560 3563 ¹
632 3568 641 3578 .
693 3568 702 3578 .
768 3567 777 3577 .
829 3536 852 3575 9
929 3568 939 3578 .

544 3536 581 3663 ²3
612 3533 959 3662 l³rzlepgo4mscsld
988 3606 1067 3650 Ar.
1085 3607 1226 3663 Vesp.
1249 3606 1397 3652 Berol.
1424 3610 1544 3663 1858,
1574 3620 1618 3663 p.
1642 3610 1693 3651 53
1711 3619 1813 3664 sqq.
