2548 4218
2020 291 2120 338 281

514 416 637 478 ἀλλ’
663 423 781 478 οἵδε
818 426 1012 487 παῖδες
1049 423 1110 477 ἐκ
1147 421 1368 494 τρόχων
1404 424 1752 493 πεπαυμένοι

513 510 806 578 στείχουσι,
844 502 1052 581 μητρὸς
1090 502 1259 562 οὐδὲν
1296 506 1658 578 ἐννοούμενοι

512 597 708 647 κακῶν
746 599 866 648 κτλ.

258 713 489 763 Dubitari
540 718 704 763 autem
759 717 944 777 potest,
1001 717 1162 762 utrum
1214 702 1436 778 τροχῶν
1485 729 1547 762 an
1599 709 1821 777 τροχῶν
1858 712 2126 776 legendum

259 799 344 853 sit;
377 799 502 847 illud
542 799 791 862 significat
818 815 1033 862 cursum,
1071 799 1166 848 hoc
1192 800 1351 848 lusum
1382 799 1627 862 quendam
1656 799 1916 862 puerilem:
1954 802 2128 861 rotam,

257 899 388 947 quae
428 884 605 933 bacillo
644 886 820 947 agitur.
860 884 1068 933 Videtur
1095 888 1257 933 autem
1287 886 1381 933 hoc
1410 872 1668 949 ἇπόρημα
1693 885 2125 946 grammaticorum

259 969 425 1028 fuisse,
464 985 577 1019 nam
605 969 892 1033 Tryphonis
921 986 981 1018 ex
1008 971 1150 1033 libro,
1190 986 1336 1033 quem
1377 964 1506 1034 περὶ
1545 957 1771 1032 ἇττικῆς
1807 963 2127 1033 προσῳδίας

257 1053 469 1117 scripsit,
508 1057 676 1103 notam
718 1055 969 1114 habemuS,
1009 1070 1110 1117 qua
1147 1054 1242 1117 ille,
1288 1054 1406 1117 quid
1446 1055 1641 1103 intersit
1678 1055 1807 1103 inter
1843 1044 2041 1117 τρόχος
2080 1057 2128 1102 et

256 1131 472 1203 τροχός,
512 1140 730 1203 exponit.
785 1141 1062 1203 Utriusque
1101 1140 1479 1202 significationis
1507 1140 1703 1204 singula
1730 1141 1956 1201 exempla
1982 1141 2129 1188 affert

258 1240 319 1273 ex
359 1225 613 1288 Euripide,
663 1225 868 1274 alterum
911 1223 995 1285 (ad
1034 1216 1251 1289 τρόχος)
1298 1241 1359 1274 ex
1397 1226 1560 1288 Alopa
1598 1224 1710 1288 (frg.
1734 1227 1868 1288 105),
1918 1225 2125 1273 alterum

257 1326 317 1359 ex
358 1310 548 1369 Medea,
587 1326 655 1359 sc.
682 1310 816 1359 hunc
855 1311 1031 1369 locum,
1070 1312 1152 1359 ubi
1178 1311 1262 1360 ille
1289 1308 1510 1374 τροχῶν
1536 1311 1715 1374 legisse
1743 1311 1955 1374 videtur,
1992 1309 2125 1372 quod

257 1411 319 1443 ex
353 1397 579 1458 apposito
617 1396 839 1458 sequitur
852 1407 863 1450 3
903 1396 1076 1445 ultima
1109 1397 1236 1444 enim
1267 1397 1419 1445 verba
1447 1395 1798 1456 excide1·unt.¹)
1852 1394 2127 1445 Scholiasta

256 1479 361 1544 (qui
399 1481 533 1529 illum
575 1482 739 1530 locum
780 1479 946 1540 affert)
984 1471 1221 1544 τρόχους
1257 1481 1620 1544 intellegendos
1658 1497 1765 1531 esse
1805 1481 1937 1530 dicit.
2008 1481 2127 1529 Mihi

256 1582 378 1614 vero
419 1567 496 1615 hic
535 1567 823 1630 Tryphonis
860 1568 1106 1616 sententia
1145 1567 1404 1630 probanda
1447 1568 1661 1630 ideoque
1704 1563 1927 1631 τροχῶν
1961 1567 2127 1628 legen·

256 1651 372 1699 dum
415 1667 522 1701 esse
561 1652 759 1700 videtur
797 1656 1079 1715 propterea,
1119 1653 1236 1714 quia
1275 1654 1512 1701 nutricem
1553 1658 1672 1716 puto
1701 1669 1760 1701 ex
1787 1653 1894 1715 ipso
1922 1656 2126 1714 aspectu

255 1739 409 1799 atque
453 1737 628 1785 habitu
679 1753 946 1799 puerorum
999 1739 1308 1801 cognovisse,
1350 1738 1481 1787 unde
1525 1739 1772 1787 venirent.
1845 1739 2127 1799 Praeterea,

258 1822 447 1871 simodo
488 1822 754 1886 Euripides
806 1838 868 1871 ex
920 1826 1060 1871 certa*
1108 1823 1228 1871 artis
1276 1824 1469 1872 ratione
1507 1839 1774 1886 puerorum
1814 1824 2124 1871 temerariam

256 1908 495 1956 laetitiam
535 1924 791 1971 opponere
819 1909 1017 1956 volebat
1042 1907 1201 1957 furori
1229 1910 1582 1971 aerumnisque
1609 1909 1829 1971 Medeae,
1867 1907 2125 1970 probabile

256 1998 332 2042 est
383 2010 491 2042 eum
542 1994 638 2043 hoc
684 2009 884 2057 quoque
922 1995 1146 2043 finxisse:
1203 2010 1388 2057 pueros
1428 2010 1535 2043 cum
1576 1994 1695 2057 ipsis
1732 1994 1920 2043 trochis
1958 2010 2018 2042 ex
2056 1994 2126 2042 lu-

256 2078 423 2127 dendo
476 2079 634 2128 laetos
683 2081 732 2128 in
786 2094 1019 2128 scaenam
1057 2083 1427 2142 procurrentes.
1502 2080 1666 2141 Quid?
1713 2096 1878 2128 nonne
1918 2094 2125 2128 consen-

254 2167 453 2213 taneum
494 2172 572 2213 est
608 2165 836 2227 artifices,
887 2166 972 2227 qui
1023 2166 1306 2228 saepissime
1344 2165 1550 2214 Medeae
1600 2165 1782 2214 liberos
1821 2180 2023 2214 securos
2061 2164 2125 2213 ad

254 2250 424 2298 matris
478 2250 571 2298 sibi
624 2249 973 2298 infestissimae
1023 2250 1178 2313 pedes
1218 2250 1447 2299 ludentes
1486 2250 1749 2309 finxerunt,
1798 2250 1955 2313 ipsam
1997 2250 2124 2298 hanc

253 2335 575 2398 Euripideam
627 2351 857 2384 scaenam
907 2340 1024 2385 ante
1062 2336 1246 2408 'oculos
1297 2337 1566 2385 habuisse?
1641 2337 1777 2385 Inter
1821 2351 1946 2398 quos
1992 2335 2126 2384 nobi-

254 2421 467 2471 lissimus
521 2421 615 2470 fuit
652 2423 1019 2480 Timomachus,
1070 2423 1153 2484 qui
1203 2437 1387 2485 pueros
1437 2422 1698 2484 astragalis
1748 2421 1980 2470 ludentes
2018 2422 2125 2484 pin-

254 2501 473 2570 xerat32)
529 2506 665 2569 quod
722 2501 1066 2569 argumentum
1123 2508 1171 2556 in
1230 2508 1502 2570 parietibus
1560 2508 2020 2556 Herculanensibus
2076 2511 2125 2555 et

252 2591 567 2656 Pompeianis
621 2591 894 2651 recur1·it.3)
968 2594 1026 2641 In
1076 2593 1398 2656 sarcophagis
1450 2593 1682 2642 Romanis
1727 2593 1868 2656 pueri
1915 2592 2018 2655 pila
2055 2592 2124 2640 lu-

397 2743 432 2797 ¹)
465 2740 539 2786 Sic
569 2741 816 2787 Elmsleius
859 2756 1042 2800 quoque
1084 2743 1234 2787 locum
1266 2743 1495 2788 intellexit
1534 2743 1612 2799 (ad
1641 2743 1795 2799 Eurip.
1818 2742 1936 2787 Med.
1967 2756 2012 2798 p.
2036 2744 2124 2798 72).

253 2811 487 2857 Nauckius
518 2825 630 2857 vero
672 2816 913 2870 utrumque
946 2814 1205 2870 exemplum
1247 2815 1304 2857 ad
1334 2806 1508 2871 τρόχος
1540 2813 1826 2858 referendum
1857 2817 2030 2869 censet,
2075 2817 2126 2857 ut

252 2882 363 2926 mihi
394 2883 587 2938 videtur,
628 2884 762 2940 plane
793 2898 1011 2940 perverse
1043 2885 1122 2941 (ad
1151 2884 1289 2941 Alop.
1322 2884 1405 2941 frg.
1431 2887 1540 2938 105).
1588 2885 1674 2938 Qui
1704 2898 1807 2928 cum
1836 2883 1987 2928 locum
2009 2884 2124 2940 Try-

251 2953 420 3010 phonis
450 2954 513 2998 ita
543 2955 828 3000 decurtatum
858 2957 1207 3012 transcripserit,
1247 2960 1297 3000 ut
1326 2969 1399 3000 res
1432 2970 1489 3000 ex
1520 2969 1576 3000 eo
1606 2969 1701 3000 non
1730 2956 1882 3012 possit
1909 2956 2122 3011 perspici,

251 3028 398 3069 totum
439 3038 624 3081 appono
665 3026 816 3071 locum
855 3027 931 3083 (ex
971 3027 1186 3071 Ammon.
1225 3027 1281 3070 de
1322 3027 1416 3070 diff.
1447 3041 1547 3071 voc.
1578 3041 1624 3083 p.
1645 3027 1766 3084 137):
1808 3052 1865 3057 -—-
1894 3023 2005 3079 τοὺς
2032 3024 2123 3081 μὲν

253 3091 345 3175 γὰρ
389 3102 670 3153 περιφερεῖς
725 3094 931 3155 τροχοὺς
987 3090 1166 3153 ὁμοίως
1220 3092 1331 3154 ἡμῖν
1380 3094 1706 3180 προφέρονται
1756 3092 2121 3150 ὀξυτονοῦντες

251 3161 455 3222 τρόχους
497 3163 547 3211 δε
587 3163 868 3251 βαρυτόνως
907 3163 1102 3225 λέγουσι
1141 3163 1253 3220 τοὺς
1284 3164 1508 3225 δρόμους·
1552 3163 1984 3225 αναγιγνώσκομεν
2015 3163 2121 3225 γάρ,

254 3228 317 3287 ὥς
348 3250 506 3292 φησιν,
539 3231 591 3282 ἐν
619 3235 712 3292 μὲν
736 3233 904 3296 Ἀλόπη
935 3234 1220 3298 Εὐριπίδου·
1243 3233 1364 3297 Ορῶ
1394 3236 1485 3294 μὲν
1517 3234 1703 3296 ανδρῶν
1733 3235 1873 3283 τόνδε
1905 3235 2122 3295 γυμνάδα

252 3303 428 3351 στόλον
454 3310 460 3364 Ι
487 3306 739 3366 στείχοντα
777 3304 974 3368 θεωρὸν
1016 3306 1071 3356 ἐκ
1114 3306 1303 3368 τρόχων
1343 3307 1671 3366 πεπαυμένον·
1720 3306 1772 3356 ἐν
1814 3308 1864 3356 δὲ
1909 3310 2119 3371 Μηδεία·

250 3372 382 3422 Ἀλλὰ
413 3372 513 3432 οι’δε
543 3382 709 3433 παῖδες
738 3406 806 3424 —-.

392 3450 429 3504 2)
461 3448 518 3494 cf.
539 3450 654 3496 Plin.
684 3465 729 3495 n.
750 3451 793 3496 h.
815 3457 853 3507 7,
876 3456 968 3495 126.
1000 3456 1067 3508 35,
1088 3455 1181 3508 128,
1208 3455 1299 3507 136,
1323 3456 1416 3496 145.
1463 3452 1577 3496 Plut.
1602 3466 1753 3509 quom.
1777 3453 1846 3497 ad.
1869 3456 1994 3508 poet.
2017 3452 2120 3496 aud.

252 3520 356 3565 deb.
380 3524 418 3576 3,
450 3535 495 3577 p.
515 3524 566 3565 18
580 3522 635 3566 A.
694 3522 881 3568 Anthol.
904 3523 1092 3567 Planud.
1113 3523 1193 3579 IV,
1218 3527 1454 3567 135-143,

392 3593 430 3647 ²³)
460 3591 517 3635 cf.
547 3592 728 3650 Helbig,
759 3593 1279 3651 Campan.Wandgem.,
1308 3607 1353 3650 p.
1371 3597 1467 3651 270,
1496 3595 1581 3640 No.
1600 3597 1835 3639 1262—64.
