2548 4218
436 312 536 360 252

693 451 915 513 Tempus
953 452 1074 512 erat,
1112 465 1212 512 quo
1252 464 1397 498 sacra
1433 450 1598 498 solent
1634 450 1884 500 trieterica
1922 451 2107 500 Bacchi

691 534 943 584 Sithoniae
983 534 1237 583 celebrare
1275 549 1430 583 nurus
1469 537 1561 583 etc.

437 635 499 683 ad
550 635 843 697 Sophoclem
892 649 999 683 esse
1051 633 1367 683 referendum
1416 632 1715 683 Welckerus
1765 636 2019 697 perspexit
2072 633 2153 695 (cf.
2191 635 2308 683 Acc.

436 720 552 768 Ter.
578 719 672 783 frg.
699 718 803 778 IV).
838 744 910 752 -—
948 720 1048 767 Iam
1105 719 1225 782 quid
1272 733 1362 767 nos
1413 718 1475 767 de
1525 720 1633 782 ipsa
1676 720 1963 782 tragoediae
2007 721 2203 770 actione
2248 736 2310 768 ex

437 804 617 854 Ovidio
668 805 952 853 etiamnunc
1005 818 1312 866 cognoscere
1363 804 1638 868 possimus,
1701 804 1976 854 videamus.
2066 805 2311 865 Quoniam

437 893 636 939 constat
676 888 910 939 Ovidium
958 890 1118 953 ipsum
1171 889 1383 938 actionis
1433 893 1630 952 tempus
1680 906 1709 938 a
1747 889 1992 953 Sophocle
2045 891 2311 954 accepisse,

438 977 583 1025 etiam
639 991 725 1038 ea,
773 990 902 1038 quae
954 974 1134 1023 deinde
1186 978 1357 1023 narrat
1410 975 1472 1024 de
1511 990 1681 1024 sorore
1731 975 2003 1039 liberanda,
2049 975 2111 1025 de
2150 979 2312 1025 taetro

438 1061 645 1111 consilio
684 1060 942 1123 capiendo,
995 1054 1264 1109 convenire
1315 1060 1419 1109 fere
1468 1076 1578 1108 cum
1619 1059 1880 1124 Sophoclis
1928 1061 2099 1109 fabula
2137 1065 2313 1122 putan-

438 1147 554 1195 dum
602 1149 690 1196 est.
764 1145 912 1195 Adde
968 1145 1102 1209 quod
1152 1161 1235 1195 eas
1286 1160 1366 1194 res
1413 1145 1622 1195 Ovidius
1672 1148 1741 1194 ita
1791 1146 2032 1211 depingit,
2089 1149 2144 1195 ut
2194 1161 2314 1196 sane

438 1248 650 1282 scaenae
691 1234 906 1296 speciem
948 1233 1231 1295 legentibus
1270 1233 1462 1281 excitet.
1519 1232 1599 1280 Ad
1638 1248 1789 1282 unum
1818 1233 2109 1295 Sophoclem
2149 1235 2314 1282 autem

439 1334 609 1368 omnes
662 1320 965 1382 posteriores
1019 1317 1081 1367 de
1131 1319 1223 1366 hac
1273 1333 1328 1367 re
1381 1318 1695 1367 narrationes
1735 1316 2006 1382 redeunt,¹)
2062 1334 2228 1381 neque
2264 1317 2315 1366 id

439 1405 685 1467 spectavit
723 1401 952 1467 Ovidius,
1000 1408 1055 1452 ut
1092 1419 1224 1453 nova
1262 1402 1486 1466 fingeret,
1541 1403 1628 1452 scd
1676 1407 1730 1452 ut
1782 1408 2075 1466 argumenta
2112 1406 2319 1467 accepta

440 1505 589 1554 quam
630 1489 1003 1553 elegantissime
1041 1493 1286 1539 narraret.
1348 1489 1450 1537 Iam
1478 1489 1573 1538 hoc
1599 1491 1751 1552 patet,
1789 1489 2084 1552 Sophoclem
2112 1493 2316 1538 matrem

438 1577 489 1624 in
529 1575 856 1639 concipiendo
885 1576 1093 1624 consilio
1122 1574 1391 1636 (mactandi
1428 1576 1584 1637 ipsius
1609 1575 1812 1624 filiolum
1842 1573 1979 1637 Ityn)
2007 1575 2320 1639 titubantem,

443 1661 593 1710 dubie
633 1662 919 1710 haerentem
968 1660 1192 1725 finxisse3
1250 1676 1464 1723 namque
1517 1661 1811 1709 hominem
1863 1659 2102 1709 inducere
2147 1661 2321 1723 voluit,

443 1762 542 1796 non
581 1746 863 1809 bestiam3
903 1745 963 1795 cf.
1003 1745 1091 1796 Ov.
1121 1747 1235 1794 Met.
1256 1747 1339 1805 VI,
1368 1749 1471 1796 624
1493 1759 1622 1809 sqq.:

698 1834 766 1882 Ut
803 1836 969 1881 tamen
1009 1832 1221 1880 accessit
1258 1835 1407 1880 natus
1447 1833 1691 1895 matrique
1730 1832 1941 1880 salutem

699 1919 866 1967 attulit
906 1922 954 1967 et
992 1918 1161 1981 parvis
1200 1917 1409 1966 adduxit
1447 1918 1577 1966 colla
1614 1917 1815 1966 lacertis

700 2004 957 2066 mixtaque
996 2003 1253 2052 blanditiis
1293 2003 1570 2066 puerilibus
1609 1991 1782 2052 oscula
1819 2003 1994 2061 iunxit,

700 2094 832 2139 mota
869 2088 1068 2152 quidem
1108 2093 1182 2137 est
1219 2089 1449 2150 genetrix
1487 2089 1803 2151 infractaque
1844 2088 2064 2137 constitit
2100 2087 2189 2151 ira,

701 2176 947 2238 invitique
986 2175 1118 2224 oculi
1158 2175 1374 2223 lacrimis
1413 2175 1647 2224 maduere
1687 2175 1888 2223 coactis.

445 2277 688 2340 Chorum,
728 2276 943 2325 fortasse
983 2291 1043 2324 ex
1083 2261 1456 2324 Bacchantibus
1496 2278 1819 2334 constantem,
1859 2274 2174 2337 conspirasse
2212 2290 2324 2323 cum

445 2363 643 2411 Procna
693 2375 898 2410 necesse
948 2365 1041 2419 est3
1102 2361 1246 2410 aliter
1301 2362 1427 2409 enim
1479 2361 1564 2408 illa
1605 2364 1778 2410 contra
1815 2376 1984 2423 regem
2024 2375 2124 2408 non
2164 2360 2326 2423 potuit

445 2447 608 2510 palam
649 2447 791 2496 dolos
829 2451 1045 2495 nectere.
1104 2446 1195 2496 Cui
1236 2446 1526 2508 obstrepere
1565 2445 1764 2495 videtur
1804 2445 2039 2508 frg.Acc.
2067 2445 2152 2509 IX,
2188 2444 2322 2507 quod

446 2532 583 2581 chori
623 2547 732 2581 esse
770 2531 886 2580 inde
926 2535 1151 2595 apparet,
1204 2531 1337 2594 quod
1389 2532 1429 2580 is
1482 2532 1565 2594 qui
1604 2532 1825 2594 loquitur
1864 2530 1924 2580 de
1965 2545 2054 2579 suo
2093 2515 2203 2579 loco
2243 2528 2326 2578 de·

448 2616 628 2666 cedere
666 2617 797 2666 nolle
836 2619 923 2665 aut
961 2632 1059 2665 non
1099 2631 1250 2679 posse
1288 2616 1510 2679 videtur3
1550 2632 1612 2665 en
1651 2617 1820 2680 aspice
1859 2616 2034 2665 verba:

518 2700 603 2751 Set
642 2702 733 2751 nisi
773 2702 1001 2751 clamaris
1039 2718 1235 2766 regem,
1272 2717 1485 2765 puerum
1523 2701 1722 2751 auferre
1762 2702 1823 2751 ab
1862 2701 2038 2765 regina
2077 2715 2285 2764 occupo.

449 2803 558 2850 Hoc
597 2807 760 2851 autem
799 2801 839 2851 si
879 2802 1062 2851 chorus
1102 2802 1238 2865 dicit,
1277 2817 1386 2851 cum
1421 2803 1618 2851 Procna
1656 2817 1866 2865 puerum
1905 2802 2095 2864 arripit,
2133 2804 2189 2850 ut
2215 2815 2326 2850 eum

449 2887 730 2951 interficiat,
786 2888 1012 2950 putanda
1063 2891 1138 2937 est
1183 2903 1347 2937 coram
1397 2888 1549 2936 choro
1590 2890 1639 2936 et
1678 2888 1844 2950 aliquo
1883 2891 2054 2936 actore
2093 2886 2327 2945 (fortasse

453 2971 635 3035 servo),
685 2974 763 3021 cui
805 2974 990 3023 chorus
1042 2973 1224 3022 deinde
1270 2974 1357 3022 illa
1394 2974 1548 3022 verba
1587 2972 1693 3034 (Set
1730 2973 1828 3021 nisi
1865 2970 1976 3032 etc.)
2017 2971 2163 3035 dicat,
2213 2987 2329 3020 con·

449 3059 611 3107 silium
666 3074 806 3107 suum
857 3059 1026 3108 verbis
1080 3062 1129 3108 et
1177 3059 1322 3108 factis
1371 3062 1558 3108 temere
1609 3058 1924 3122 patefecisse.
1997 3058 2107 3106 Hoc
2144 3072 2237 3120 per
2274 3071 2328 3107 se

449 3145 608 3207 ipsum
666 3159 765 3193 non
819 3145 1077 3208 probabile
1130 3148 1226 3203 est;
1284 3145 1479 3194 minime
1529 3160 1648 3194 vero
1688 3143 1962 3193 Ribbeckio
2013 3144 2160 3192 velim
2215 3143 2328 3192 asti·

451 3231 636 3292 pulari,
694 3245 805 3278 cum
859 3235 1064 3280 matrem
1118 3230 1259 3280 ferali
1309 3230 1480 3279 furore
1531 3245 1742 3293 puerum
1795 3230 2064 3292 arripuisse
2112 3227 2183 3289 (in
2222 3229 2330 3292 ipsa

451 3315 654 3374 scaena)
712 3317 1016 3379 suspicetu1·;
1077 3316 1171 3364 hoc
1228 3317 1356 3365 enim
1414 3315 1659 3379 Sophocle
1716 3330 1814 3364 non
1874 3314 2095 3378 dignum.
2176 3315 2329 3363 Immo

453 3400 599 3449 etiam
638 3400 734 3449 hac
771 3401 821 3449 in
859 3416 913 3449 re
952 3401 1183 3451 Ovidium
1237 3404 1504 3464 sequentes
1543 3400 1834 3463 Sophoclem
1884 3398 2331 3463 deprehendemus.

479 3613 496 3621 -
582 3553 618 3607 1)
650 3550 706 3595 cf.
729 3550 872 3595 schol.
895 3550 972 3596 Ar.
996 3564 1067 3596 av.
1092 3555 1194 3596 281:
1231 3542 1256 3594 ὁ
1285 3551 1547 3607 Σοφοκλῆς
1577 3554 1774 3607 πρῶτον
1795 3545 1882 3593 τὸν
1911 3546 2064 3608 Τηρέα
2087 3544 2330 3606 ἐποίησεν,

455 3623 560 3666 εἶτα
595 3622 845 3679 Φιλοκλῆς.
