2548 4218
2042 294 2142 341 291

269 451 331 484 ne
382 435 581 483 heroem
631 449 775 483 suum
827 433 1043 483 mulieris
1095 433 1299 495 eiusque
1350 447 1527 481 servae
1573 431 1927 481 blandimentis
1967 447 2142 479 conce-

271 520 470 568 dentem
529 518 832 568 ostenderet.
919 518 1131 567 Maxime
1193 532 1308 567 vero
1361 515 1634 580 Sophocles
1684 516 1735 564 in
1786 516 2141 579 superstitibus

269 603 468 668 quidem
496 603 677 652 fabulis
705 604 843 666 vulgi
872 603 1113 652 voluntati
1141 601 1348 651 indulsit
1374 603 1422 651 in
1446 601 1675 665 Oedipo
1710 616 1877 664 rege,
1904 617 2011 649 cum
2042 616 2142 648 non

268 690 426 738 solum
475 689 612 737 initio
664 705 887 751 magnam
929 704 1196 752 puerorum
1238 688 1448 748 turbam,
1497 686 1585 735 sed
1625 687 1768 736 etiam
1808 685 1858 734 in
1898 685 2005 749 ipso
2045 684 2143 734 fine

267 774 440 823 fabula
485 775 578 823 iam
627 777 833 838 peracta
872 772 1049 836 Oedipi
1088 772 1265 821 filiolas
1304 771 1582 835 induceret,
1622 786 1798 834 nempe
1840 773 1893 820 ut
1930 770 2139 819 flebilem

266 860 403 909 illam
456 860 718 922 imaginem
770 861 1075 922 proponeret
1126 857 1487 921 spectantibus,
1544 873 1642 920 qua
1680 854 1900 919 Oedipus
1949 870 2144 918 caecus,

266 944 380 994 fatis
418 944 629 1007 fractus,
682 945 923 1008 parvulas
961 958 1077 992 suas
1117 944 1404 992 innocentes
1445 943 1670 991 manibus
1709 955 1984 1004 quaerens,
2033 956 2142 1003 per·

268 1029 516 1094 mulcens,
570 1030 711 1091 ipsae
749 1029 924 1078 flentes
950 1031 1421 1091 repraesentantur.
1497 1026 1594 1076 Sed
1635 1027 1860 1090 quamvis
1902 1042 2001 1075 non
2040 1025 2137 1074 alio

266 1115 496 1173 consilio,
545 1115 638 1162 nisi
697 1117 750 1162 ut
789 1113 1022 1162 lacrimae
1072 1114 1405 1176 spectantium
1446 1112 1809 1174 excitarentur,
1860 1127 1921 1160 ea
1958 1126 2141 1160 scaena

264 1199 379 1249 ficta
418 1199 661 1258 videatur,
714 1201 877 1247 tamen
918 1199 967 1245 in
1007 1213 1065 1246 eo
1104 1198 1212 1260 ipso
1251 1202 1429 1261 poetae
1469 1212 1550 1246 ars
1589 1198 1837 1257 cernitur,
1885 1197 2018 1259 quod
2058 1196 2142 1244 illa

263 1284 541 1348 puellarum
594 1299 715 1332 cura
765 1285 880 1331 ante
932 1282 1101 1331 oculos
1152 1283 1313 1345 posita
1365 1281 1542 1345 Oedipi
1594 1283 1946 1331 humanitatem
1997 1281 2141 1330 nobis

263 1369 483 1419 ostendit
538 1369 703 1431 itaque
762 1368 869 1416 eius
925 1368 1072 1416 sortis
1127 1367 1399 1416 acerbitate
1457 1368 1598 1416 etiam
1652 1367 1994 1416 vehementius
2045 1381 2136 1415 nos

264 1455 512 1518 percussit
548 1457 702 1517 atque
741 1453 1018 1502 commovit.

405 1541 504 1588 Iam
543 1543 741 1601 praeter
777 1538 866 1586 has
905 1537 1113 1600 fabulas,
1150 1538 1197 1585 in
1239 1537 1418 1600 quibus
1456 1552 1724 1599 puerorum
1764 1539 1931 1600 partes
1969 1536 2141 1600 paullo

273 1625 434 1674 laxius
474 1640 583 1673 cum
624 1627 726 1673 tota
763 1623 959 1672 actione
1000 1622 1271 1671 cohaerere
1311 1623 1656 1686 cognovimus,
1707 1637 1931 1684 magnam
1973 1637 2140 1670 earum

262 1711 548 1760 invenimus
601 1708 982 1770 multitudinem,
1034 1709 1084 1756 in
1137 1708 1318 1770 quibus
1370 1708 1511 1771 pueri
1560 1707 1641 1755 vel
1691 1722 1781 1755 sua
1818 1707 2013 1755 actione
2057 1707 2137 1754 vel

264 1798 398 1844 certe
437 1810 528 1843 sua
566 1798 702 1843 sorte
740 1795 789 1842 in
841 1808 1081 1842 summum
1124 1792 1390 1841 discrimen
1429 1795 1675 1841 vocantur
1713 1792 1879 1854 itaque
1919 1789 2133 1839 medium

267 1880 514 1943 quendam
571 1879 771 1928 fabulae
824 1879 987 1927 locum
1043 1878 1281 1927 obtinent.
1357 1878 1456 1925 Iam
1497 1878 1656 1940 prima
1693 1879 1856 1925 aetate
1895 1875 2137 1925 eiusmodi

266 1965 466 2014 fabulae
493 1963 744 2027 Euripidis
783 1965 1053 2012 occurrunt
1091 1962 1205 2010 hae:
1251 1961 1569 2024 Thyestes,
1609 1962 1736 2021 1n0,
1762 1960 2052 2023 Theseus,
2088 1960 2138 2008 in

265 2049 446 2112 quibus
478 2064 663 2112 pueros
701 2049 1025 2112 praecipuum
1066 2047 1230 2096 locum
1270 2050 1440 2095 tenere
1479 2049 1630 2108 patet.
1707 2043 1839 2106 Quid
1879 2044 2035 2093 dicam
2076 2043 2138 2093 de

259 2133 629 2192 Heraclidis,
689 2134 830 2182 cuius
880 2132 1075 2181 fabulae
1114 2147 1302 2181 summa
1339 2132 1387 2179 in
1427 2146 1527 2179 una
1566 2130 1829 2179 multorum
1867 2144 2135 2192 puerorum

262 2221 425 2269 salute
476 2220 637 2283 posita
688 2222 778 2282 est,
828 2218 956 2266 sicut
994 2218 1138 2266 etiam
1178 2233 1268 2280 per
1307 2219 1458 2265 totam
1501 2216 1606 2265 fere
1646 2215 1861 2264 fabulam
1902 2229 2134 2264 scaenam

258 2304 518 2354 obtinent?
594 2303 725 2363 Quin
776 2303 922 2352 etiam
981 2307 1120 2351 tanta
1178 2301 1271 2349 fuit
1327 2315 1594 2363 puerorum
1651 2299 1867 2363 partium
1924 2299 2024 2361 viS,
2080 2301 2135 2346 ut

258 2390 546 2453 Euripidem
575 2405 745 2438 earum
774 2389 959 2437 auxilio
986 2403 1226 2436 summum
1260 2387 1380 2435 artis
1419 2402 1537 2435 suae
1564 2385 1813 2448 fastigium
1852 2388 2132 2432 assecutum

258 2491 367 2525 esse
412 2477 519 2524 iure
558 2479 767 2532 statuas;
808 2490 920 2522 nam
960 2479 1008 2523 et
1045 2474 1095 2522 in
1137 2473 1379 2521 Medeae
1419 2471 1635 2520 moribus
1675 2470 2133 2534 cupiditatibusque

261 2561 599 2610 describendis
649 2567 699 2609 et
740 2561 790 2608 in
830 2559 1280 2608 Andromachae
1318 2558 1527 2607 actionis
1565 2557 1696 2606 nodo
1737 2554 2044 2605 conectendo
2084 2557 2134 2604 et

258 2649 307 2696 in
348 2647 635 2696 Herculis
674 2647 865 2708 tragica
904 2649 1037 2694 sorte
1076 2645 1356 2693 luculenter
1406 2643 1729 2706 exprimenda
1779 2642 1982 2690 multum
2021 2655 2130 2688 eum

256 2747 525 2795 puerorum
578 2732 892 2795 praesentiae
947 2731 1180 2779 debuisse
1232 2735 1454 2794 apparet.
1529 2728 1626 2778 Sed
1680 2744 1738 2776 ne
1780 2729 1828 2775 in
1869 2727 2129 2790 Sophoclis

256 2818 452 2881 quidem
480 2818 658 2867 fabulis
697 2819 960 2880 quicquam
989 2818 1145 2880 magis
1182 2817 1510 2865 admiratione
1549 2815 1747 2877 dignum
1789 2814 1907 2861 mihi
1933 2813 2131 2862 videtur

228 2920 401 2971 ‘quam
454 2920 511 2953 ea
550 2904 647 2966 viS,
697 2918 796 2966 qua
834 2904 1040 2952 Aiacis
1090 2917 1252 2951 mores
1299 2901 1650 2964 fortunamque
1700 2916 1854 2963 puero
1905 2899 2129 2949 adhibito

255 2991 429 3038 animis
468 2990 649 3039 nostris
690 2989 1068 3039 commendavit.
1108 3014 1175 3021 —

397 3076 506 3124 Nec
556 3076 781 3124 miranda
832 3079 907 3124 est
960 3092 1018 3124 ea
1067 3090 1336 3138 puerorum
1393 3075 1606 3137 partium
1645 3074 1736 3136 vis,
1785 3073 2028 3136 siquidem
2066 3073 2125 3120 iis

254 3162 373 3224 ipsis
425 3176 583 3210 novos
633 3177 726 3210 nec
778 3161 1005 3210 minimos
1057 3162 1203 3209 animi
1256 3160 1456 3209 humani
1506 3164 1667 3209 motus
1705 3161 1754 3208 in
1793 3160 1903 3222 ipsa
1941 3174 2125 3220 scaena

254 3247 669 3309 repraesentandi
720 3248 863 3310 copia
916 3247 1065 3296 fiebat
1115 3248 1273 3309 poetis
1294 3244 1347 3309 ¹),
1403 3246 1453 3294 id
1505 3245 1641 3309 quod
1693 3246 1814 3294 artis
1866 3245 2122 3294 scaenicae

397 3384 431 3439 ¹)
462 3383 689 3436 Quantum
710 3382 896 3426 omnino
918 3395 1161 3438 puerorum
1182 3382 1229 3425 in
1250 3386 1345 3426 arte
1375 3382 1559 3438 poetica
1588 3382 1799 3438 personis
1830 3381 2121 3426 tribuendum

253 3458 388 3510 atque
426 3466 452 3497 a
481 3454 633 3510 poetis
671 3453 890 3498 tributum
923 3458 1068 3509 esset,
1109 3454 1266 3497 nescio
1298 3453 1399 3510 quis
1429 3453 1751 3509 grammaticus
1782 3452 2120 3497 Alexandrinus

251 3525 454 3570 sensisse
469 3524 664 3580 videtur,
694 3538 796 3569 cum
818 3529 1025 3570 moneret
1041 3524 1200 3580 (schol.
1216 3524 1264 3568 Il.
1287 3525 1326 3567 Z
1339 3525 1442 3580 468)
1465 3524 1711 3569 Homerum
1736 3524 1929 3580 primum
1950 3535 2119 3578 pueros

250 3595 296 3639 in
335 3595 590 3653 tragoedia,
628 3596 656 3639 i.
688 3609 725 3640 e.
758 3595 982 3652 gravioris
1021 3595 1275 3651 argumenti
1315 3595 1534 3652 carmine,
1574 3594 1825 3640 induxisse.
1889 3594 1955 3639 At
1994 3593 2120 3650 quod
