2548 4218
2034 277 2132 324 247

268 425 617 482 praeterquam
658 418 789 481 quod
831 417 897 466 illi
939 417 1081 466 etiam
1124 415 1383 479 Sophoclis
1421 432 1600 465 nomen
1642 421 1815 480 aperte
1855 418 2135 479 appositum

267 510 366 554 est:
430 505 582 553 schol.
631 505 749 552 Eur.
795 503 878 554 Or.
918 507 1019 554 812
1060 504 1136 552 Gu
1171 505 1207 551 1.
1245 502 1535 565 (Postquam
1593 503 1743 551 Atreo
1801 519 1829 550 a
1889 503 2136 550 Mercurio

270 606 455 653 agnum
509 605 710 637 aureum
764 591 963 638 missum
1017 604 1127 637 esse
1179 593 1431 636 narratum
1472 591 1573 646 est,
1619 588 1690 635 sic
1727 588 1997 649 pergitur-2)
2045 582 2137 634 καὶ

265 671 571 739 μέλλοντος
602 662 831 739 Ἀτρέως
870 671 1041 735 δεῖξαι
1079 665 1144 722 τὸ
1177 669 1339 737 τέρας
1373 679 1491 730 τοῖς
1520 668 1801 730 δικασταῖς
1827 667 1919 719 καὶ
1947 670 2138 732 λαβεῖν

263 752 367 825 τὴν
419 747 605 823 ἀρχὴν,
651 746 909 824 Ἀερόπη,
949 745 982 822 ἦ
1023 749 1235 806 τούτου
1285 749 1451 823 γυνή,
1500 752 1867 821 μοιχευομένη
1912 751 2137 819 Θυέστῃ,

262 842 344 908 τῷ
372 831 757 907 ἄνδραδέλφῳ,
793 839 1049 905 κλέψασα
1074 841 1246 891 τοῦτο
1274 838 1605 906 παρέδωκεν
1639 829 1810 906 αὐτῷ.
1893 837 2137 906 Θυέστης

267 923 324 976 δὲ
363 919 554 989 λαβων
599 926 774 976 τοῦτο
814 924 906 975 καὶ
948 923 1125 990 δείξας
1163 935 1281 986 τοῖς
1321 924 1607 986 δικασταῖς
1644 926 1741 993 τῆς
1779 916 1946 994 αρχῆς
1984 918 2139 993 ἐκρά-

265 1023 407 1079 τησε.
458 1006 531 1078 μὴ
575 1001 947 1077 ἀνασχόμενος
986 1003 1090 1062 οὖν
1119 1002 1334 1078 Άτρευς
1371 1006 1474 1080 τὴν
1511 1003 1804 1078 συμφορὰν
1829 1010 1925 1061 καὶ
1954 1009 2138 1077 δυσχε-

266 1095 508 1164 ραίνων,
571 1087 658 1147 ὅτι
716 1088 921 1156 ἀδίκως
978 1093 1262 1164 ἐστέρηται
1318 1097 1416 1166 τῆς
1473 1086 1663 1166 αρχῆς,
1723 1085 1866 1163 ομοῦ
1923 1114 1981 1146 τε
2036 1090 2138 1166 τὴν

270 1190 507 1249 γυναῖκα
533 1173 798 1249 Ἀερόπην
824 1191 1144 1249 τιμωρεῖται
1170 1173 1292 1233 κατ’
1333 1174 1518 1249 ἄμφω,
1558 1180 1650 1232 καὶ
1690 1174 1778 1233 ὅτι
1817 1176 2134 1248 εμοιχεύετο

272 1266 486 1334 Θυέστῃ
523 1266 615 1318 καὶ
656 1260 743 1319 ὅτι
781 1266 1019 1332 κέκλοφε
1053 1262 1118 1318 τὸ
1147 1259 1344 1332 ἀρνίον
1370 1266 1465 1318 καὶ
1493 1265 1735 1319 δέδωκεν
1764 1259 1932 1335 αὐτῷ,
1971 1264 2139 1337 ῥίψας

264 1343 447 1420 αὐτὴν
501 1350 578 1414 εἰς
627 1346 729 1423 τὴν
782 1348 1089 1419 θάλατταν,
1106 1354 1140 1415 ¹)
1193 1344 1268 1414 ὥς
1319 1366 1452 1421 φησι
1490 1354 1811 1422 Σοφοκλῆς,
1859 1351 1954 1403 καὶ
2005 1345 2139 1413 τοὺς

263 1446 410 1505 τρεῖς
459 1432 617 1499 υἱοὺς
666 1439 772 1490 τοῦ
815 1437 1091 1501 Θυέστου,
1132 1429 1362 1505 Άγλαόν
1412 1429 1735 1505 Ὀρχομενὸν
1783 1437 1877 1488 καὶ
1917 1433 2139 1490 Κάλεον

265 1515 602 1583 ἀποκτείνας
647 1522 970 1593 παρέθηκεν
1022 1521 1097 1584 εἰς
1148 1516 1429 1590 τράπεζαν
1479 1522 1562 1590 τῷ
1613 1521 1787 1590 πατρὶ
1825 1521 1917 1573 καὶ
1957 1514 2138 1575 αὐτὸν

267 1602 510 1676 ὕστερον
546 1600 871 1661 ἀπέκτεινεν
892 1649 903 1660 .
925 1600 994 1660 δι’
1022 1600 1056 1660 ἃ
1083 1602 1112 1660 ὁ
1151 1599 1307 1678 ἥλιος
1344 1604 1416 1676 μὴ
1454 1607 1682 1675 στέρξας
1707 1604 1774 1659 τὸ
1800 1604 2135 1676 παράνομον

266 1693 398 1761 μίαν
431 1684 640 1764 ἡμέραν
667 1692 729 1745 ἐκ
756 1694 985 1761 δυσμῶν
1021 1689 1163 1762 πρὸς
1202 1690 1276 1745 ἕω
1317 1690 1565 1761 διφρεύει
1587 1735 1596 1744 .
1622 1689 1725 1746 σὺν
1765 1685 1920 1762 αὐτῷ
1961 1692 2138 1746 δὲκαὶ

271 1774 327 1830 αἱ
363 1775 621 1841 πλειάδες
657 1775 764 1846 τὴν
801 1777 1064 1831 ἐναντίαν
1091 1769 1228 1831 ὁδὸν
1262 1775 1536 1844 ἐβάδισαν.
1611 1784 1821 1832 Praeter
1848 1785 2137 1833 miraculum

265 1871 618 1932 transpositum
647 1870 742 1919 hoc
771 1886 952 1919 novum
979 1869 1029 1918 in
1058 1871 1151 1919 hac
1178 1870 1464 1918 narratione
1492 1870 1743 1918 cernitur:
1772 1870 1906 1932 quod
1934 1871 2136 1933 Aeropa

267 1955 314 2003 in
357 1971 488 2004 mare
534 1956 889 2019 praecipitatur
939 1955 1089 2019 (quae
1142 1956 1339 2018 quidem
1389 1960 1463 2004 est
1509 1955 1759 2004 sollemnis
1799 1955 2137 2004 adulterarum

267 2037 476 2102 poena),
527 2042 660 2103 quod
700 2042 948 2104 Thyestes
986 2043 1092 2105 ipse
1131 2057 1328 2105 quoque
1366 2041 1688 2096 interficitur;
1737 2057 1866 2103 quae
1905 2057 1985 2090 res
2024 2057 2137 2091 nus-
2194 2081 2197 2084 Α

267 2141 413 2187 quam
440 2127 559 2175 alibi
588 2132 885 2176 occurrunt:
925 2128 1164 2176 habemus
1198 2128 1350 2191 igitur
1377 2143 1581 2191 prorsus
1608 2127 1909 2190 singularem
1935 2127 2138 2176 fabulae

267 2211 506 2276 formam,
555 2228 702 2275 quam
755 2229 814 2261 ex
855 2214 1019 2262 causis
1058 2213 1224 2263 allatis
1263 2212 1500 2275 Sophocli
1541 2213 1759 2261 tribuere
1798 2230 1897 2262 non
1937 2212 2137 2263 dubito:

267 2312 326 2346 ea
381 2301 543 2346 omnia
599 2299 791 2348 scelera
840 2300 1133 2362 Sophoclem
1192 2299 1240 2347 in
1292 2300 1500 2348 Atreum
1558 2299 1827 2348 contulisse
1884 2300 1965 2347 vel
2020 2299 2136 2349 inde

265 2387 502 2446 apparet,
562 2384 695 2446 quod
750 2388 923 2446 aperte
975 2385 1243 2433 scholiasta
1298 2384 1524 2447 affirmat,
1578 2390 1691 2447 post
1748 2385 1910 2433 omnia
1965 2390 2138 2434 exacta

267 2468 463 2518 demum
499 2470 651 2518 solem
679 2474 873 2532 tergum
902 2470 1178 2530 vertisse.2)
1250 2472 1349 2519 Iam
1379 2486 1468 2519 cur
1499 2470 1697 2530 „Atrei“
1730 2486 1907 2520 nomen
1937 2470 2138 2520 fabulae

266 2554 584 2618 imposuerit,
647 2558 1026 2620 cognoscimUS,
1089 2556 1192 2604 scil.
1248 2557 1364 2619 quia
1431 2556 1536 2605 eius
1605 2556 1909 2619 potissimum
1973 2572 2135 2606 mores

267 2640 616 2704 fortunamque
691 2642 1035 2705 depingendos
1110 2642 1199 2691 sibi
1261 2646 1622 2705 proposuerat,
1696 2657 1814 2690 sane
1884 2637 2136 2690 horridam

268 2725 557 2788 imaginem!
595 2727 721 2775 Nam
762 2728 896 2776 illum
938 2729 986 2776 in
1026 2731 1130 2777 tota
1167 2728 1425 2790 tragoedia
1465 2727 1678 2776 medium
1719 2727 1883 2776 locum
1913 2728 2136 2777 obtinere

268 2810 518 2871 videmUS,
558 2827 684 2875 cum,
722 2813 972 2876 quomodo
1011 2814 1337 2863 insatiabilem
1380 2813 1485 2862 fere
1524 2828 1661 2861 suam
1702 2813 1974 2861 ulciscendi
2001 2814 2137 2876 cupi-

410 2950 446 3004 1>
478 2949 695 3005 Spectare
749 2949 820 2993 hic
876 2949 1167 2994 scholiastam
1223 2948 1360 3005 Soph.
1407 2949 1475 2993 Αἰ.
1516 2952 1621 2992 1297
1674 2949 1819 3005 (quod
1872 2948 2136 2993 Dindorfius

267 3020 461 3076 putavit)
492 3021 570 3064 vix
600 3021 882 3077 crediderim,
915 3021 1019 3077 quia
1048 3020 1111 3065 ibi
1144 3034 1239 3064 non
1260 3021 1318 3064 de
1339 3019 1499 3075 Atreo,
1532 3020 1615 3064 sed
1636 3020 1694 3064 de
1716 3020 1893 3076 Catreo,
1923 3021 2137 3076 Aeropae

267 3094 409 3148 patre,
440 3105 588 3136 sermo
622 3097 705 3137 est.
767 3092 858 3137 Sed
886 3092 1062 3137 etiamsi
1085 3092 1302 3137 erraverit
1323 3091 1580 3148 scholiasta,
1611 3091 1843 3135 sufficiunt
1861 3092 2137 3148 testimonia,

268 3165 318 3206 ut
347 3163 469 3206 illam
500 3162 678 3208 fabulae
709 3163 899 3208 formam
931 3163 1234 3220 Sophocleam
1266 3177 1371 3208 esse
1402 3163 1655 3207 credamus.

409 3235 442 3290 2)
473 3234 678 3278 Eandem
709 3235 942 3280 materiam
962 3235 1238 3280 Petersenus
1270 3234 1444 3290 (Progr.
1463 3234 1652 3290 Dorpat,
1673 3237 1794 3290 1877,
1813 3247 1856 3287 p.
1881 3237 1920 3287 ὃ)
1953 3233 2138 3278 ascribit

268 3305 413 3349 Atreo
462 3304 726 3362 Sophoclis,
780 3318 1052 3362 oppugnans
1093 3305 1410 3360 Welckerum,
1467 3304 1544 3360 qui
1583 3304 1834 3362 Thyestam
1887 3305 1941 3348 ab
1991 3304 2136 3349 Atreo

267 3376 554 3422 interfectum
586 3378 659 3421 alii
688 3379 953 3435 tragoediae
974 3378 1298 3423 vindicaverat.
1359 3378 1570 3422 Ceterum
1601 3376 1679 3420 ille
1709 3374 1858 3420 fusius
1881 3377 1938 3420 de
1960 3376 2136 3420 duabus

269 3448 507 3503 Sophoclis
524 3449 744 3504 Thyestis
761 3450 977 3506 disputat,
1000 3462 1187 3506 quarum
1210 3452 1475 3505 argumenta
1491 3448 1538 3491 in
1555 3448 1722 3505 Hygin.
1742 3447 1832 3492 fab.
1852 3446 2137 3491 LXXXVIII

267 3520 408 3564 latere
439 3519 733 3575 probabiliter
762 3521 942 3577 conicit,
974 3521 1151 3565 etiamsi
1181 3521 1239 3565 de
1269 3520 1455 3565 vasculo
1488 3520 1676 3577 (Conze,
1701 3519 1916 3565 Vorl.-Bl.
1940 3518 2035 3563 Ser.
2055 3518 2135 3575 ΠΙ,

267 3589 346 3647 IV,
368 3591 428 3648 2),
461 3591 586 3647 quod
616 3604 672 3636 eo
702 3591 860 3637 referri
890 3591 1003 3648 vult,
1034 3591 1228 3636 dubitari
1258 3595 1428 3648 potest.
