2548 4218
405 312 507 357 224

407 451 556 498 semel
622 453 736 498 ante
795 453 999 498 mortem
1057 452 1418 511 spectatoribus
1474 452 1772 516 ostendisse,
1833 454 1921 503 sed
1979 459 2131 504 totam
2188 472 2277 518 per

405 535 618 582 fabulam
667 551 752 583 eos
808 535 895 583 tali
951 535 1157 584 artificio
1210 537 1392 584 actioni
1445 538 1669 596 intexuit,
1719 539 1867 601 quale
1915 546 2063 589 antea
2112 557 2278 604 neque

404 620 537 683 apud
578 620 873 682 Sophoclem
923 636 1084 684 neque
1131 621 1264 684 apud
1305 622 1596 684 Euripidem
1637 623 1934 673 videramus.
1970 651 2040 658 -
2078 627 2145 674 At
2182 627 2275 674 iam

403 706 651 754 trimetros
699 706 814 754 illos
853 721 1121 768 puerorum
1163 706 1475 755 clamantium
1517 709 1724 770 propius
1764 712 2158 773 contemplemur
2195 728 2275 760 ne·

403 805 540 839 cesse
588 794 678 839 est.
751 790 1011 839 Nauckius
1061 793 1188 840 enim
1229 790 1365 851 (Eur.
1392 792 1530 841 Stud.
1569 794 1613 855 I,
1651 810 1698 856 p.
1729 789 1846 857 136)
1886 811 2082 845 versum
2126 801 2278 861 1272,

402 891 502 938 quo
559 877 686 924 alter
742 892 867 939 puer
924 877 1069 925 alteri
1126 876 1420 940 respondet,
1479 883 1532 926 ut
1580 879 1928 942 interpolatum
1979 882 2143 941 eiecit,
2201 883 2278 932 his

405 962 709 1024 argumentis
767 963 932 1010 nixus:
990 962 1114 1011 duos
1170 962 1283 1011 illos
1340 978 1524 1026 pueros
1581 965 1871 1015 coniunctos
1929 983 2078 1028 agere
2129 973 2276 1031 atque

401 1063 547 1095 unam
602 1050 794 1095 tantum
845 1062 1109 1110 personam
1162 1053 1555 1110 repraesentare.
1629 1051 1780 1099 Tales
1824 1055 1989 1100 autem
2036 1060 2278 1115 personas

402 1132 694 1180 coniunctas
746 1148 843 1180 non
883 1133 1046 1180 solere
1086 1132 1304 1195 tragicos
1344 1135 1587 1196 separatis
1626 1137 1938 1184 sermonibus
1976 1135 2279 1187 discernere.

402 1218 468 1266 At
507 1233 567 1265 ex
606 1218 888 1281 DioscuriS,
939 1233 1064 1280 quos
1115 1219 1392 1268 sententiae
1442 1234 1563 1269 suae
1615 1221 1907 1282 probandae
1947 1237 2096 1271 causa
2134 1224 2280 1273 affert

401 1303 676 1366 NauckiuS,
713 1304 838 1351 alter
877 1307 1067 1352 tantum
1108 1308 1216 1352 erat
1255 1304 1430 1353 histrio
1468 1305 1716 1367 legitimus
1756 1307 1821 1362 (in
1851 1308 2052 1357 Electra
2078 1309 2277 1372 quidem

403 1390 546 1437 aliter
609 1388 714 1437 fieri
777 1405 875 1438 non
933 1393 1175 1452 poterat);
1238 1389 1406 1452 itaque
1463 1391 1541 1439 vel
1598 1395 1863 1454 propterea
1919 1394 2044 1442 alter
2102 1399 2278 1444 mutus.

403 1473 589 1522 Eadem
641 1489 721 1522 res
771 1479 848 1523 est
897 1475 946 1523 in
985 1475 1290 1538 Heraclidis,
1343 1476 1427 1524 ubi
1481 1492 1542 1524 ex
1580 1477 1813 1526 Thesidis
1852 1478 2001 1542 alter,
2053 1481 2278 1544 Acamas,

403 1564 477 1608 est
516 1563 651 1609 muta
687 1576 927 1623 persona,
965 1562 1083 1624 quia
1122 1561 1183 1610 ab
1222 1561 1463 1611 histrione
1501 1578 1600 1611 non
1640 1568 2061 1626 repraesentatur.
2136 1566 2277 1615 Vide·

403 1661 512 1694 mus
563 1649 726 1694 autem
778 1650 953 1710 poetas
1005 1647 1130 1696 bene
1181 1648 1418 1711 sensisse,
1468 1651 1708 1710 quantum
1750 1649 1955 1699 haberet
1993 1651 2279 1700 offensionis

403 1736 625 1781 coactum
676 1732 799 1781 illud
853 1733 1128 1795 silentium,
1180 1749 1391 1796 namque
1442 1748 1638 1797 semper
1676 1735 1894 1797 aliquam
1935 1737 2041 1784 eius
2080 1752 2278 1786 causam

403 1819 582 1867 afferre
622 1821 890 1867 conantur:
930 1818 1067 1866 velut
1105 1819 1153 1866 in
1182 1818 1463 1868 Heraclidis
1507 1822 1606 1869 144
1632 1835 1738 1882 sqq.
1777 1821 2125 1884 Demophon
2164 1823 2280 1885 legi-

402 1905 551 1952 timus
607 1907 772 1953 terrae
843 1903 1072 1953 dominus
1129 1904 1329 1964 dicitur,
1392 1906 1467 1954 cui
1526 1906 1584 1954 lis
1640 1906 1727 1954 illa
1782 1906 1846 1954 ad
1903 1906 2276 1956 decernendum

405 1989 758 2038 committenda
810 1990 886 2038 sit.
923 2015 992 2022 -—
1031 1990 1243 2038 Prorsus
1285 1990 1427 2039 aliter
1465 2006 1545 2039 res
1584 2006 1637 2040 se
1675 1989 1826 2041 habet
1864 1993 1912 2040 in
1951 1993 2281 2056 Supplicibus,

402 2091 550 2138 quam
590 2080 854 2138 praeterea
892 2076 1038 2124 affert
1090 2075 1362 2124 Nauckius.
1448 2076 1524 2124 llli
1576 2077 1704 2125 enim
1757 2079 1900 2140 pueri
1948 2079 2147 2127 omnino
2195 2094 2279 2128 ex-

357 2190 361 2194 -
405 2160 594 2210 cedunt
634 2161 903 2224 legitimum
943 2165 1166 2210 actorum
1208 2177 1487 2224 numerum3
1529 2167 1716 2211 canunt
1755 2167 1942 2226 autem,
1981 2165 2111 2227 quod
2149 2164 2281 2213 infra

402 2247 615 2305 docebo,
665 2252 720 2296 ut
776 2248 974 2296 omnino
1033 2247 1193 2309 chori,
1250 2246 1356 2296 una·
1403 2249 1549 2296 simul
1606 2264 1775 2297 omnes
1834 2264 1972 2299 voce.
2046 2249 2279 2299 Eiusdem

401 2334 598 2395 generis
635 2337 883 2392 actorum,
936 2333 1070 2396 quod
1107 2325 1547 2399 παραχορήγημα
1586 2334 1786 2395 dicitur,
1825 2335 1969 2384 etiam
2009 2335 2280 2384 Alcestidis

403 2424 452 2468 et
476 2419 682 2468 Medeae
721 2418 822 2467 bini
861 2419 1003 2468 liberi
1041 2423 1172 2468 sunt.
1247 2420 1430 2468 Eorum
1471 2425 1634 2469 tamen
1675 2424 1843 2483 partes
1876 2436 1936 2469 ea.
1962 2436 2015 2469 re
2043 2420 2282 2470 differunt

403 2506 532 2553 inter
582 2519 659 2563 se,
713 2505 845 2567 quod
884 2505 1153 2554 Alcestidis
1205 2504 1335 2553 filius
1387 2506 1436 2554 in
1483 2505 1592 2567 ipsa
1638 2520 1844 2569 scaena,
1894 2505 2100 2556 Medeae
2139 2507 2283 2570 pueri

403 2594 517 2653 post
572 2605 799 2639 scaenam
860 2591 1017 2639 verba
1073 2590 1279 2639 faciunt.
1377 2590 1566 2651 Quodsi
1623 2592 2044 2654 reputaverimus,
2108 2597 2281 2655 poetas

405 2677 602 2725 omnino
641 2677 844 2740 pueris
883 2692 1011 2741 raro,
1049 2677 1299 2725 rarissime
1327 2677 1535 2739 singulis
1574 2678 1727 2726 verba
1764 2676 1997 2726 facienda
2034 2678 2283 2741 tribuisse,

405 2779 503 2810 non
544 2762 850 2827 mirabimur,
890 2779 949 2812 ex
987 2762 1255 2811 Alcestidis
1293 2762 1462 2825 pueris
1502 2763 1754 2811 alterum
1795 2766 1986 2811 tantum
2028 2763 2281 2825 cecinisse,

406 2864 505 2897 non
557 2863 777 2897 sororem
831 2849 1034 2898 fratrem
1077 2853 1225 2897 cantu
1265 2849 1541 2911 excepisse;
1593 2864 1704 2897 nam
1744 2848 1811 2897 illi
1851 2850 2041 2912 palam
2082 2853 2131 2898 et
2169 2864 2279 2898 cum

405 2935 571 2997 aliqua
622 2936 816 2984 actione
867 2934 1147 2994 canendum
1199 2933 1304 2983 fuit.
1378 2935 1506 2983 Nam
1558 2938 1827 2998 propterea
1875 2934 2083 2983 alterum
2120 2934 2283 2996 silere,

406 3036 469 3068 ne
507 3019 691 3083 singuli
731 3025 784 3068 ut
824 3020 1052 3069 diversae
1091 3035 1335 3083 personae
1376 3019 1724 3083 designentur,
1769 3019 1877 3082 ipse
1917 3020 2057 3082 pueri
2097 3019 2283 3068 refutat

407 3110 598 3165 cantus,
636 3121 745 3154 cum
786 3106 1009 3155 canendo
1049 3121 1185 3155 suam
1228 3106 1481 3169 propriam
1510 3110 1627 3169 agat
1655 3120 1874 3169 causam,
1910 3120 2069 3154 suam
2097 3109 2279 3154 sortem

408 3192 691 3255 deplorans,
719 3206 937 3240 sororem
966 3192 1109 3240 simul
1136 3191 1397 3254 alloquens
1433 3189 1515 3251 (cf.
1542 3206 1620 3240 vv‚
1641 3193 1743 3241 406
1767 3187 1910 3253 sqq.).
1983 3190 2050 3239 At
2077 3189 2282 3239 Medeae

406 3278 547 3341 pueri
598 3276 647 3325 in
701 3293 884 3326 scaeua
923 3278 1124 3326 omnino
1164 3280 1279 3326 sunt
1317 3278 1459 3325 muti:
1511 3292 1676 3326 nonne
1715 3277 1818 3325 veri
1859 3278 1932 3324 est
1969 3276 2282 3339 simillimum,

406 3363 696 3411 histrionem
736 3363 950 3425 aliquem
991 3379 1080 3425 pro
1124 3363 1181 3411 iis
1221 3363 1479 3426 clamasse,
1516 3361 1760 3424 siquidem
1799 3360 1917 3410 satis
1957 3376 2137 3424 magna
2162 3375 2282 3410 sane

408 3464 550 3507 voce,
602 3464 751 3511 quam
791 3463 945 3511 puero
997 3465 1095 3497 non
1147 3448 1495 3511 concedemus,
1533 3462 1660 3511 opus
1699 3452 1827 3510 erat,
1878 3449 1932 3495 ut
1970 3462 2031 3495 ex
2069 3461 2280 3495 scaenae

408 3534 632 3583 aedificio
672 3535 722 3583 in
761 3536 865 3583 toto
903 3533 1098 3583 theatro
1137 3534 1288 3583 verba
1328 3533 1742 3597 perciperentur?
1815 3533 1919 3581 Iam
1947 3531 2080 3595 quod
2108 3535 2281 3596 poetas

410 3635 508 3669 non
547 3619 694 3669 facile
734 3619 945 3682 singulis
984 3619 1152 3683 pueris
1191 3619 1343 3669 verba
1382 3617 1613 3669 facienda
1649 3617 1880 3669 tribuisse
1918 3617 2149 3679 vidimus,
2187 3617 2282 3667 hoc
