2548 4218
2059 273 2159 321 257

292 416 493 477 gatores
530 427 647 462 suos
683 412 1008 462 vehementer
1045 413 1204 476 laesit,
1241 412 1475 476 turbavit,
1511 412 1560 461 in
1588 426 1770 461 scaena
1794 411 1905 474 ipsa
1932 411 2162 460 nimirum

292 514 345 547 se
384 513 552 546 verum
591 498 748 560 patris
797 496 951 546 filium
1002 496 1258 560 professus
1309 500 1612 560 postremum
1659 495 1774 546 forti
1815 498 1979 545 animo
2018 496 2162 545 morti

293 583 487 632 obviam
525 582 627 630 ivit.

435 669 653 732 Puerum
693 667 914 716 eiusdem
953 666 1058 717 fere
1096 668 1293 731 aetatis,
1344 682 1410 716 sc.
1448 681 1607 730 paene
1646 667 1740 715 iam
1782 666 2166 730 adulescentem,

295 753 468 802 merito
495 746 708 802 Troilum
748 752 1076 815 Sophocleum
1116 753 1478 815 intellegemus,
1518 752 1705 815 quippe
1745 766 1887 814 quem
1928 756 2076 815 poeta
2113 753 2162 800 in

294 838 588 900 cognomine
626 837 799 886 fabula
837 840 892 886 ut
916 837 1133 886 amatum
1162 837 1223 886 ab
1251 837 1445 886 Achille
1472 836 1740 896 induxerit,
1779 837 1954 899 quales
1979 851 2165 900 pueros

292 925 456 972 aetate
505 923 672 986 paullo
725 924 1067 985 provectiores
1112 921 1268 971 fuisse
1315 924 1522 971 constat.
1596 921 1663 971 At
1698 920 1925 984 impubes
1965 922 2164 971 omnino

292 1009 341 1057 in
394 1008 592 1071 vulgari
642 1007 878 1056 memoria
929 1007 1191 1071 cogitatur,
1244 1006 1304 1055 cf.
1343 1006 1648 1070 testimonia,
1704 1022 1831 1069 quae
1869 1004 2167 1055 Welckerus

295 1094 564 1157 congessit,
602 1093 686 1142 Gr.
712 1093 864 1156 Trag.
893 1094 926 1152 Ι,
959 1095 1059 1142 134
1081 1107 1155 1155 sq.
1229 1091 1363 1141 Idem
1415 1091 1497 1141 Ille
1548 1091 1738 1154 primus
1784 1107 1889 1140 eam
1933 1091 2167 1155 fabulam,

295 1194 397 1243 qua
463 1178 684 1227 Achilles
749 1179 905 1227 Troili
974 1180 1163 1227 amator
1229 1177 1380 1227 fuisse
1451 1182 1684 1226 narratur
1749 1176 1900 1240 (quae
1967 1177 2165 1240 quidem

293 1265 452 1327 primo
501 1261 636 1327 apud
683 1263 1065 1327 Lycophronem
1120 1266 1414 1314 307—313
1463 1260 1715 1322 occurrit),
1769 1262 1831 1311 ad
1873 1263 2165 1325 Sophoclem

294 1348 484 1398 referre
523 1351 732 1398 conatus
772 1353 860 1398 est.
935 1347 992 1398 Ο.
1019 1349 1234 1412 Iahnius,
1287 1348 1369 1412 qui
1419 1349 1619 1397 omnino
1674 1346 1821 1397 docte
1869 1346 1932 1396 de
1983 1349 2073 1396 hac
2112 1364 2166 1397 re

295 1432 632 1498 disputavit,1)
691 1434 829 1483 aliud
886 1435 992 1483 eius
1049 1434 1247 1483 fabulae
1304 1433 1641 1483 testimonium
1698 1433 2059 1482 demonstravit
2115 1433 2165 1481 in

294 1519 497 1568 vasculo
537 1518 752 1582 quodam
793 1519 959 1582 Apulo
997 1519 1292 1568 recentioris
1330 1519 1519 1582 aetatis,
1559 1518 1607 1566 in
1647 1533 1746 1580 quo
1773 1518 1977 1566 Troilus
2005 1517 2169 1566 nudus

296 1620 406 1653 cum
458 1619 586 1667 equo
638 1603 702 1652 ad
753 1607 955 1666 puteum
1004 1605 1246 1666 cernitur,
1303 1620 1331 1651 a
1368 1607 1509 1666 tergo
1548 1603 1770 1652 Achilles
1809 1608 2041 1666 armatuS,
2089 1603 2166 1651 cui

298 1689 525 1737 Minerva
578 1689 705 1737 viam
760 1693 1023 1751 monstrat,
1079 1692 1220 1737 caute
1266 1689 1639 1752 appropinquat
1676 1703 1809 1750 eum,
1864 1691 1920 1736 ut
1957 1687 2169 1746 videtur,

298 1788 644 1837 oppressurus.
721 1773 984 1833 Columba,
1037 1789 1163 1837 quae
1215 1774 1432 1822 taeniam
1484 1787 1667 1836 gerens
1719 1772 1781 1821 ad
1819 1772 2044 1822 Troilum
2084 1772 2169 1821 ad-

298 1859 476 1908 volans
515 1859 832 1922 conspicitur,
870 1874 963 1908 nec
1001 1875 1101 1908 non
1140 1859 1341 1921 gracilis
1379 1861 1723 1922 venustusque
1763 1859 1976 1921 habitus,
2022 1874 2169 1922 quem

254 1933 256 1936 ’
298 1944 525 1994 consulto
563 1943 742 1993 artifex
770 1944 944 1993 Troilo
983 1944 1214 1993 tribuisse
1252 1943 1470 2006 videtur,
1507 1959 1611 1993 rem
1637 1945 1854 2007 aliqua-m
1882 1944 2169 1993 amatoriam

298 2030 506 2079 subesse
542 2028 690 2078 fidem
730 2027 937 2078 faciunt.
975 2055 1044 2061 ——-
1094 2030 1170 2078 De
1209 2028 1501 2092 tragoediae
1539 2031 1835 2092 argumento
1875 2032 2036 2078 autem
2075 2029 2170 2078 hoc

300 2116 348 2164 in
390 2114 608 2163 schoLT
647 2112 773 2162 11.ss
801 2117 900 2164 257
942 2114 1176 2163 traditur:
1216 2107 1485 2162 ἐντεῦθεν
1513 2110 1812 2180 Σοφοκλῆς
1850 2106 1910 2161 ἐν
1943 2108 2170 2178 Τρωίλῳ

298 2195 470 2265 φησὶν
509 2187 685 2247 αὐτὸν
725 2185 1032 2263 ὀχευθῆναι
1082 2185 1199 2247 ὑπὸ
1231 2187 1515 2263 Ἀχιλλέως
1568 2191 1777 2257 ἵππους
1815 2191 2172 2264 γυμνάζοντα

297 2274 453 2349 παρὰ
490 2275 555 2331 τὸ
601 2280 924 2348 Θυμβραῖον
962 2279 1055 2330 καὶ
1096 2270 1429 2332 ἀποθανεῖν.
1507 2284 1700 2344 Quibus
1746 2284 1933 2347 verbis,
1983 2284 2023 2332 si
2073 2287 2169 2332 tra-

301 2370 450 2418 ditam
491 2370 754 2418 lectionem
794 2367 1110 2429 servamus,²)
1161 2370 1387 2432 quamvis
1434 2369 1676 2418 obscaene
1724 2369 1818 2418 hoc
1856 2368 2065 2418 indicari
2103 2370 2172 2417 vi-

301 2455 463 2518 detur,
504 2455 747 2503 Achillem
787 2454 1010 2503 Troilum
1052 2455 1102 2502 in
1141 2455 1248 2518 ipso
1289 2455 1521 2517 amplexu
1560 2454 1884 2503 interfecisse.
1958 2455 2021 2503 Et
2059 2470 2169 2503 cum

299 2541 395 2589 hoc
432 2540 623 2589 scholio
662 2542 713 2589 et
751 2555 862 2588 cum
885 2539 1078 2588 'vasculi
1114 2540 1251 2588 illius
1289 2541 1486 2602 pictura
1524 2540 1697 2588 mirum
1735 2540 1784 2587 in
1824 2539 2023 2589 modum
2057 2555 2170 2588 con·

302 2625 422 2674 cinit
460 2625 508 2674 id
549 2624 681 2688 quod
711 2625 912 2674 Servius
951 2624 1014 2672 ad
1055 2626 1178 2673 Aen.
1208 2625 1369 2688 1‚477
1413 2626 1578 2673 affert:
1617 2625 1805 2673 veritas
1842 2625 2039 2686 quidem
2078 2625 2173 2674 lzoc

301 2709 467 2771 habet,
527 2711 687 2759 Troili
725 2723 896 2758 amore
934 2710 1180 2759 Achillem
1221 2710 1428 2758 ductum
1458 2708 1723 2771 palumbes
1761 2711 1821 2769 el,
1878 2710 2056 2770 quibus
2095 2711 2175 2758 ille

301 2793 672 2858 delectabatur,
697 2794 951 2854 obiecisse,
990 2808 1113 2855 quas
1148 2808 1257 2843 cum
1284 2796 1432 2843 vellet
1460 2798 1646 2854 tenere,
1686 2798 1870 2856 captus
1896 2795 1956 2842 ab
1983 2794 2175 2843 Achille

302 2883 354 2930 in
392 2882 497 2930 eius
538 2878 854 2942 amplexibus
885 2881 1063 2941 periit.
1137 2880 1276 2929 Talia
1315 2878 1609 2942 Sophoclem
1648 2879 1848 2928 finxisse
1885 2879 2028 2928 facile
2067 2895 2175 2928 cre-

302 2968 497 3029 demus,
550 2967 738 3016 simodo
777 2970 932 3016 totam
972 2968 1074 3015 eius
1113 2969 1343 3014 naturam
1384 2965 1441 3014 iis
1480 2965 1825 3028 voluptatibus
1864 2965 2062 3014 minime
2099 2980 2175 3014 re-

303 3056 607 3118 pugnantem
665 3053 1058 3116 respexerimus;
1120 3066 1295 3100 moneo
1354 3050 1417 3099 de
1474 3054 1592 3114 nota
1647 3051 1730 3099 illa
1785 3051 2176 3110 narratiuncula,

304 3155 450 3203 quam
492 3139 553 3188 de
579 3139 829 3202 Sophocle
867 3143 916 3188 et
954 3153 1109 3202 puero
1150 3138 1461 3186 ministrante
1490 3137 1543 3185 Io
1572 3135 1722 3186 Chius
1748 3136 1950 3186 tradidit
1975 3136 2176 3196 (Athen.

303 3227 438 3285 X111,
467 3228 568 3276 604
590 3222 699 3290 sq.),
751 3240 943 3298 moneo,
994 3224 1128 3288 quod
1167 3225 1288 3286 ipse,
1328 3224 1639 3286 quantopere
1678 3223 1737 3270 iis
1777 3222 1925 3271 rebus
1962 3221 2175 3271 delecta-

420 3362 455 3419 1)
487 3360 721 3417 Telephos
751 3361 847 3405 und
879 3359 1062 3404 Troilos
1093 3359 1187 3403 und
1217 3359 1326 3403 kein
1358 3358 1504 3415 Ende,
1536 3358 1609 3403 ein
1639 3357 1767 3402 Brief
1793 3370 1850 3401 an
1881 3358 2029 3403 Herrn
2051 3355 2174 3403 Prof

310 3434 359 3478 F.
382 3433 435 3478 Gr.
458 3431 670 3478 Welcker
701 3446 802 3476 zum
836 3436 902 3476 16.
922 3431 1019 3476 Oct.
1046 3434 1168 3486 1859,
1199 3444 1243 3485 p.
1265 3434 1328 3484 11,
1360 3429 1415 3474 T
1432 3429 1512 3475 ΙΙΙ.

425 3505 463 3560 2)
485 3503 756 3549 Welckerus
776 3503 897 3547 haud
916 3502 1213 3558 probabiliter
1233 3501 1431 3545 coniecit
1450 3503 1773 3558 λογχευθῆναι
1794 3514 1879 3557 pro
1902 3495 2177 3556 ὀχευθῆναι.

311 3577 424 3621 Nam
454 3575 695 3632 requiritur
724 3588 927 3620 novum
957 3573 1198 3630 Sophoclis
1230 3573 1481 3617 inventum.
