2548 4218
2051 286 2151 332 263

286 421 546 484 Hippolyti
596 421 767 470 fabula
817 425 1238 486 repraesentatur,
1296 422 1410 480 du0,
1468 423 1516 470 in
1570 423 1750 485 quibus
1789 439 1870 472 res
1908 425 2153 486 quaedam

286 505 428 555 fictae
479 509 607 565 sunt,
667 522 794 569 quae
845 507 956 555 alibi
1009 523 1252 571 nusquam
1307 511 1592 556 occurrunt.
1667 508 1825 556 Ambo
1876 513 2039 558 autem
2092 508 2154 556 ad

288 590 415 639 idem
485 593 741 655 exemplar
803 592 1031 642 redeunt.
1116 594 1282 656 Atque
1333 591 1559 641 videmus
1610 594 1657 642 in
1709 597 1928 642 extrema
1980 594 2157 643 dextra

286 675 502 739 imagine
558 676 607 724 in
666 678 792 726 sella
847 678 1006 728 virum
1063 678 1320 727 barbatum
1378 678 1657 742 sedentem,
1719 680 1803 741 qui
1861 679 2038 727 dextra
2091 678 2155 727 ad

287 765 505 810 mentum
546 762 745 811 admota
782 767 1020 812 terrorem
1061 765 1339 828 exprimere
1377 763 1574 812 videtur
1613 763 1674 812 de
1712 765 1771 812 iis
1809 765 1977 828 rebuS,
2034 780 2158 827 quas

288 847 498 906 iuvenis,
538 848 621 910 qui
661 852 777 897 ante
817 864 929 897 eum
968 852 1077 911 stat,
1116 849 1160 898 ei
1199 852 1384 898 narrat.
1440 850 1548 898 Hac
1577 864 1760 898 scaena
1787 850 2156 911 repraesentari

288 931 536 981 Theseum
577 933 639 980 de
677 934 940 997 Hippolyti
992 938 1151 983 morte
1198 936 1425 983 nuntium
1463 935 1788 998 accipientem
1829 938 1965 983 recte
2002 933 2157 983 Kalk·

289 1032 500 1066 mannus
539 1019 809 1067 constituit.
882 1021 948 1068 At
987 1037 1016 1069 a
1055 1021 1199 1068 laeva
1237 1021 1377 1069 iuxta
1422 1020 1550 1069 hanc
1589 1035 1817 1069 scaenam
1859 1035 2013 1069 senex
2050 1020 2158 1068 bar-

288 1101 432 1151 batus
482 1103 790 1166 conspicitur
843 1120 894 1154 se
947 1105 1009 1153 ad
1048 1105 1278 1155 feminam
1321 1106 1633 1155 dextrorsum
1674 1109 1995 1170 convertenS,
2049 1121 2156 1154 cum

291 1203 390 1250 qua
427 1189 609 1237 acriter
646 1189 858 1253 loquens
896 1194 950 1239 ut
986 1191 1071 1239 illa
1108 1192 1159 1240 in
1199 1191 1422 1240 dextram
1460 1191 1796 1255 progreditur.
1868 1192 1959 1239 Illa
1994 1194 2161 1254 portat

292 1273 495 1322 sinistra
551 1290 785 1337 puerum,
850 1276 934 1338 qui
991 1276 1216 1325 dextram
1273 1277 1335 1325 ad
1393 1277 1605 1326 feminae
1663 1281 1880 1327 mentum
1939 1277 2162 1340 porrigit,

291 1359 491 1407 sinistra
545 1359 761 1409 fructum
819 1364 957 1410 tenet
1013 1361 1083 1422 (in
1137 1363 1295 1411 altero
1346 1363 1542 1425 quidem
1595 1360 1946 1426 sarcophago).
2021 1362 2160 1424 Quas

291 1443 416 1492 duas
466 1444 652 1508 figuras
702 1446 770 1495 ita
820 1446 1172 1496 Kalkmannus
1211 1449 1582 1512 interpretatur,
1635 1451 1689 1497 ut
1726 1464 1919 1497 servam
1959 1463 2164 1511 reprae-

292 1531 477 1578 sentari
518 1531 664 1595 dicat,
702 1547 831 1593 quae
869 1533 931 1581 ad
971 1534 1217 1582 Theseum
1257 1533 1496 1582 festinans
1535 1535 1763 1583 nuntium
1803 1532 1865 1583 de
1904 1532 2162 1582 Phaedrae

293 1619 450 1664 morte
499 1617 714 1665 allatura
755 1619 836 1665 sit.
910 1619 1086 1668 Senem
1127 1634 1235 1668 esse
1275 1620 1644 1683 paedagogum,
1691 1620 1873 1668 domini
1912 1620 1984 1668 sui
2025 1620 2164 1667 inno·

293 1702 503 1749 centiam
546 1704 747 1751 strenue
775 1706 951 1751 contra
977 1719 1171 1753 servam
1201 1705 1568 1754 defendentem.
1625 1705 1793 1765 Quam·
1814 1705 2165 1764 coniecturam,

295 1788 524 1849 quamvis
573 1790 836 1850 praeterea
885 1789 1154 1852 probabilis
1177 1790 1439 1849 videatur,
1490 1794 1760 1853 propterea
1799 1791 2024 1854 accipere
2064 1805 2163 1838 non

293 1886 510 1934 possum,
547 1873 662 1934 quia
700 1873 842 1922 aliam
882 1873 1084 1923 fabulae
1134 1875 1340 1923 actionis
1385 1875 1649 1937 imaginem
1689 1874 1805 1923 mihi
1846 1874 2165 1923 conformavi.

296 1956 415 2006 Cum
458 1958 585 2007 enim
625 1959 675 2006 in
715 1959 810 2007 hoc
849 1960 941 2007 viri
993 1959 1126 2009 docti
1177 1961 1502 2023 consentiant,
1550 1961 1599 2009 in
1639 1961 1806 2023 priore
1846 1960 2015 2009 fabula
2054 1962 2167 2023 post

296 2042 558 2106 Hippolyti
613 2043 807 2093 demum
860 2050 1067 2094 mortem
1106 2046 1383 2094 Phaedram
1432 2061 1608 2094 manus
1653 2046 1746 2095 sibi
1783 2046 2021 2108 intulisse,
2073 2060 2166 2107 ego

297 2142 402 2176 eam
432 2143 530 2176 non
562 2132 678 2178 ante
701 2130 892 2194 culpam
916 2146 1054 2180 suam
1083 2131 1327 2181 detectam
1357 2134 1559 2180 mortem
1590 2131 1873 2180 decrevisse
1902 2127 2166 2189 conicio:¹)

295 2213 365 2261 ita
415 2215 544 2263 enim
597 2217 703 2265 eius
754 2233 918 2267 mores
966 2217 1190 2281 depictos
1238 2218 1390 2267 fuisse
1429 2219 1624 2281 scimus,
1674 2221 1729 2266 ut
1767 2234 1867 2266 non
1906 2216 2167 2275 honestati,

298 2299 387 2349 sed
426 2301 512 2349 uni
550 2303 834 2352 necessitati
877 2303 1099 2353 cederet:
1140 2304 1199 2352 cf.
1240 2304 1331 2366 frg.
1351 2307 1478 2355 433:

555 2392 724 2467 ἔγωγε
763 2399 899 2469 φημὶ
939 2399 1033 2451 καὶ
1071 2395 1251 2468 νόμον
1290 2419 1349 2468 γε
1386 2394 1458 2471 μὴ
1497 2398 1676 2464 σέβειν

556 2479 617 2534 ἒν
653 2494 797 2536 τοῖσι
836 2484 1037 2546 δεινοῖς
1074 2486 1194 2537 τῶν
1233 2477 1556 2553 ἀναγκαίων
1592 2482 1786 2535 πλέον.

301 2603 523 2652 Eandem
578 2604 776 2653 fabulae
827 2604 1033 2653 formam
1087 2605 1338 2667 respicere
1390 2603 1588 2651 videtur
1634 2602 1788 2650 schol.
1823 2598 2024 2650 Hom.2
2052 2604 2171 2664 321,

302 2690 380 2738 cui
408 2689 722 2752 Asclepiadis
760 2705 938 2738 nomen
979 2689 1311 2751 subscriptum
1352 2693 1446 2737 est:
1484 2675 1587 2753 τὴν
1627 2682 1686 2735 δὲ
1716 2681 1967 2749 Φαίδραν
2005 2700 2170 2747 φανε-

302 2772 401 2838 ρᾶς
439 2770 737 2840 γενομένης
773 2771 869 2842 τῆς
909 2769 1172 2840 διαβολῆς
1221 2761 1577 2838 ἀπάγξασθαι
1624 2771 1712 2832 (sc.
1751 2758 2172 2835 ὁμολογοῦσι),“ὶ)

303 2877 587 2925 quanquam
639 2861 988 2911 Kalkmannus
1039 2860 1088 2921 (1.
1116 2876 1155 2909 c.
1194 2877 1239 2923 p.
1266 2857 1450 2919 49l50)
1508 2863 1657 2922 negat
1708 2859 1806 2907 tale
1862 2857 1982 2921 quid
2039 2857 2173 2920 apud

305 2946 592 3009 Euripidem
647 2947 937 3009 occurrisse,
992 2962 1102 2994 cum
1152 2948 1404 2994 asseveret
1453 2945 1670 3007 priorem
1709 2943 1985 2992 Phaedram
2025 2946 2175 2990 antea

305 3035 548 3081 mortuam
601 3047 725 3094 esse,
776 3048 924 3095 quam
964 3032 1126 3080 Diana
1173 3032 1356 3079 crimen
1403 3030 1666 3078 revelaret.
1739 3027 1837 3078 Sed
1877 3029 2000 3077 haec
2038 3043 2176 3076 mera

307 3117 596 3166 coniectura
647 3121 745 3180 est,
802 3118 946 3166 etiam
998 3117 1047 3165 in
1087 3117 1265 3166 Velato
1316 3131 1405 3177 per
1456 3110 1666 3163 Dianam
1715 3128 1879 3162 rerum
1931 3128 2173 3161 conexum

306 3200 609 3263 patefactum
648 3216 783 3265 esse;
823 3201 1100 3250 cavendum
1139 3204 1303 3249 autem
1344 3203 1432 3258 est,
1476 3215 1538 3247 ne
1577 3198 1892 3260 opinionibus
1919 3213 1979 3246 ex
2007 3212 2175 3261 super-

453 3383 484 3437 1)
516 3380 728 3425 Similiter
757 3380 949 3426 Weilius
980 3379 1164 3435 iudicat,
1195 3379 1309 3434 Sept
1338 3377 1573 3435 tragedies
1604 3377 1881 3432 d'Euripide,
1913 3390 1957 3431 p.
1974 3375 2061 3432 4s5.

449 3452 487 3507 2)
517 3450 646 3496 Idem
677 3455 860 3495 narrant
888 3450 1044 3507 Apoll.
1074 3450 1182 3495 bibl.
1214 3449 1322 3505 epit.
1340 3449 1442 3494 Vat.
1475 3451 1523 3492 et
1553 3447 1757 3492 Sabbait.
1781 3451 1816 3502 1,
1840 3450 1888 3491 18
1908 3459 2021 3502 sqq„
2062 3456 2175 3501 quas

306 3523 518 3568 Velatum
549 3523 800 3579 exprimere
831 3522 907 3566 vel
935 3521 1042 3565 inde
1062 3524 1204 3578 patet,
1237 3519 1361 3576 quod
1381 3518 1632 3564 Phaedram
1652 3518 1798 3574 ipsam
1819 3529 1969 3562 coram
1990 3515 2175 3560 Theseo

306 3591 610 3651 Hippolytum
641 3592 991 3638 calumniantem
1021 3591 1208 3636 faciunt.
