2548 4218
391 320 494 366 280

390 458 451 506 de
479 471 744 521 puerorum
773 457 1050 506 actionibus
1078 457 1352 519 habituque
1380 461 1603 521 externo,
1640 460 2000 525 examinemus3
2039 459 2261 508 nascitur

390 544 518 591 enim
559 543 775 606 suspicio
815 557 914 591 non
954 541 1128 591 eodem
1165 542 1309 591 modo
1345 548 1518 606 poetas
1552 559 1722 592 omnes
1748 560 1932 607 pueros
1958 545 2261 609 depinxisse,

389 628 477 677 sed
535 629 666 676 inter
722 630 843 676 natu
901 627 1114 676 maiores
1166 631 1214 676 et
1264 627 1480 677 minores
1534 627 1937 692 distinguendum
1991 646 2098 680 esse
2139 630 2258 691 (nou

388 715 565 776 loquor
614 713 675 762 de
727 712 1020 776 infantibUS,
1073 713 1157 776 qui
1207 716 1330 761 uta
1368 713 1535 775 pueris
1573 714 1703 762 veris
1757 729 1855 764 non
1902 717 2259 779 repraesentati

387 799 448 848 ab
500 800 592 847 hac
643 798 936 862 quaestione
975 799 1243 847 sevocandi
1283 800 1435 854 sunt).
1509 799 1636 847 Nam
1676 800 1887 862 primum
1925 806 2136 865 apparet
2175 816 2260 850 eos

388 900 585 948 pueros,
626 885 709 947 qui
749 884 798 931 in
839 898 1023 932 scaena
1062 885 1369 942 cecinerunt,
1408 899 1507 932 non
1547 884 1782 946 pusiones
1817 886 2012 934 circiter
2038 887 2260 949 quinque

389 986 634 1019 annorum
677 968 973 1033 cogitandos
1013 984 1135 1028 esse,
1175 968 1406 1032 quoniam
1447 984 1528 1017 ars
1569 969 1812 1033 quaedam
1850 987 1948 1019 non
1991 973 2174 1035 exigua
2201 973 2260 1020 iis

387 1055 692 1119 praestanda
731 1059 852 1103 erat.
909 1055 1009 1102 Eos
1044 1054 1170 1102 tales
1198 1054 1304 1102 fere
1330 1053 1486 1102 fuisse
1513 1054 1750 1118 suspicor,
1791 1056 1963 1118 quales
1989 1056 2261 1120 discipulos

386 1141 720 1190 Athenienses
759 1140 910 1188 Duris
946 1140 997 1188 in
1039 1139 1192 1188 nobili
1232 1154 1323 1188 suo
1363 1154 1517 1202 opere
1555 1136 1771 1203 pinxit‚¹)
1829 1141 1961 1190 circa
2000 1141 2259 1190 duodecim

386 1242 543 1276 annos
583 1230 749 1276 natos:
802 1225 927 1274 tales
978 1240 1078 1273 non
1130 1225 1305 1273 mirum
1345 1224 1591 1274 videbitur
1636 1224 1790 1275 fuisse
1829 1226 2039 1276 Athenis
2077 1243 2260 1290 pueros

386 1313 506 1362 satis
534 1311 758 1361 eruditos
782 1312 981 1359 alacres
1008 1310 1248 1372 sollertes,
1288 1313 1344 1359 ut
1371 1311 1580 1374 Eumeli,
1608 1311 1825 1374 Molossi,
1857 1312 2063 1361 aliorum
2089 1318 2260 1375 partes

386 1399 723 1461 susciperent,
777 1397 1071 1459 praesertim
1122 1412 1232 1445 cum
1286 1399 1442 1444 artem
1495 1396 1732 1444 musicam
1785 1412 1976 1446 summo
2027 1399 2194 1447 studio
2232 1415 2261 1446 a

386 1486 554 1549 pueris
591 1487 854 1533 tractatam
893 1498 1003 1531 esse
1043 1485 1251 1531 constet.
1326 1483 1416 1532 Cui
1457 1483 1774 1532 coniecturae
1815 1483 1959 1532 etiam
1999 1500 2081 1547 ea,
2131 1500 2259 1546 quae

386 1571 446 1619 de
484 1585 751 1633 puerorum
792 1569 1069 1617 actionibus
1106 1568 1154 1616 in
1194 1568 1468 1631 tragoediis
1494 1567 1717 1631 legimus,
1757 1570 2074 1618 conveniunt.
2130 1570 2258 1618 Nam

385 1657 623 1706 Eumelus
663 1664 710 1718 q'.
736 1672 780 1703 v.
818 1671 917 1704 non
958 1653 1159 1703 videtur
1199 1655 1261 1702 ab
1300 1654 1467 1716 aliquo
1506 1669 1652 1702 servo
1694 1654 1823 1717 duci,
1860 1654 1948 1703 sed
1987 1670 2078 1704 sua
2114 1671 2260 1704 manu

385 1758 494 1791 cum
546 1757 718 1790 sorore
768 1740 1010 1804 procedit.
1084 1741 1200 1789 Non
1242 1755 1361 1789 vero
1402 1741 1450 1788 in
1491 1755 1549 1787 eo
1591 1739 1941 1788 offendendum
1981 1744 2073 1803 est,
2125 1740 2258 1804 quod

385 1844 446 1876 ex
485 1828 692 1876 ancillae
733 1827 1021 1875 narratione
1062 1824 1182 1885 (151
1208 1823 1336 1889 sqq.)
1375 1839 1558 1888 pueros
1598 1824 1872 1874 minimos
1926 1825 2079 1874 fuisse
2117 1827 2259 1889 sequi

384 1913 599 1962 videtur.
674 1913 795 1961 Eam
837 1913 965 1960 enim
1006 1911 1281 1961 libertatem
1322 1910 1468 1959 facile
1507 1913 1684 1973 poetae
1725 1909 2077 1972 concedemus,
2116 1914 2172 1960 ut
2207 1911 2258 1960 in

385 1998 638 2048 narrando
678 1998 848 2061 paullo
888 2013 917 2045 a
955 2012 1166 2046 scaenae
1206 1996 1419 2059 imagine
1459 1995 1678 2054 recedat,
1711 1997 1907 2059 ‚quippe
1946 1997 2030 2058 qui
2059 1997 2258 2045 omnino

384 2085 673 2133 nuntiorum
731 2098 989 2132 sermones
1045 2098 1193 2144 quam
1250 2082 1459 2129 maxime
1516 2095 1760 2129 exornare
1816 2080 2030 2130 studeat.
2066 2107 2137 2113 --
2181 2082 2259 2131 Ne

386 2170 632 2218 Molossus
671 2184 716 2231 q.
746 2184 790 2217 v.
829 2168 1030 2230 quidem
1072 2168 1214 2216 aliter
1252 2166 1575 2221 describitur;
1617 2182 1729 2215 nam
1756 2169 1864 2214 arte
1891 2166 2102 2229 quadam
2133 2182 2260 2230 opus

385 2262 458 2305 cst
515 2255 574 2303 ad
636 2255 804 2302 matris
857 2254 1060 2303 vincula
1111 2253 1376 2316 solvenda,
1431 2267 1610 2314 neque,
1667 2255 1719 2300 ut
1764 2266 1918 2314 supra
1956 2252 2260 2302 ostendimus

385 2340 453 2404 (p.
477 2337 617 2404 226),
654 2355 683 2388 a
723 2340 871 2389 Peleo
912 2339 1157 2388 attollitur
1195 2355 1239 2388 v,
1263 2341 1362 2388 722
1386 2349 1479 2401 sq.:

639 2430 772 2504 ἕρπε
811 2427 962 2503 δεῦρ’
990 2424 1086 2486 ὑπ’
1115 2425 1374 2502 ἀγκάλας,
1412 2430 1635 2500 βρέφος,

639 2515 838 2586 ξύλλυε
879 2519 1047 2588 δέσμα
1084 2513 1293 2589 μητρός
1331 2520 1446 2570 κτλ.

384 2625 475 2672 1110
511 2624 641 2672 enim
679 2610 780 2671 ὑπ’
808 2610 1053 2687 ἀγκάλας
1093 2623 1216 2670 nihil
1258 2621 1379 2670 dicit
1404 2621 1597 2680 PeleuS,
1639 2621 1728 2670 nisi
1769 2625 1824 2669 ut
1849 2636 1968 2669 suae
1994 2621 2181 2670 tutelae
2206 2635 2258 2670 se

382 2711 678 2774 committat,
728 2726 842 2758 cum
882 2709 970 2759 sibi
1010 2724 1063 2758 se
1103 2708 1343 2772 applicet,
1396 2706 1529 2770 quod
1568 2706 1700 2756 idem
1751 2707 1935 2756 clarius
1972 2710 2149 2770 postea
2187 2707 2259 2756 sic

383 2795 587 2844 dicitur:
629 2810 671 2842 v.
697 2797 821 2844 747:

637 2873 779 2946 ἡγοῦ
816 2874 1022 2927 τέκνον
1057 2892 1152 2942 μοι
1193 2865 1340 2942 δεῦρ’
1365 2864 1460 2924 ὑπ’
1488 2864 1733 2941 ἀγκάλας
1772 2872 2013 2934 σταθείς.

528 2981 689 3028 Etiam
717 2979 1070 3044 Supplicum
1110 2979 1270 3041 pueri,
1308 2978 1392 3040 qui
1421 2976 1622 3040 quidem
1650 2978 1857 3026 actionis
1886 2977 2018 3025 haud
2047 2978 2258 3039 exiguae

383 3067 482 3115 sint
520 3067 808 3130 participes,
846 3066 969 3114 tales
1008 3064 1113 3113 fere
1152 3065 1611 3127 repraesentantur.

527 3154 627 3199 lam
655 3152 716 3199 ad
745 3154 906 3200 mutos
934 3165 1118 3214 pueros
1144 3153 1472 3198 transcamus.
1537 3148 1678 3208 Quae
1706 3147 1951 3196 Medeae
1990 3163 2255 3210 puerorum

383 3242 520 3286 aetas
572 3237 839 3300 cogitanda
876 3237 959 3295 sit,
1012 3251 1113 3284 non
1150 3235 1220 3284 ita
1259 3234 1404 3283 facile
1443 3235 1755 3297 perspicitur.
1829 3234 2006 3295 Itaque
2044 3233 2256 3296 primum

384 3338 494 3372 eum
534 3323 714 3382 locum,
767 3338 866 3384 quo
907 3322 1047 3385 pueri
1087 3321 1410 3382 inducuntur,
1462 3319 1700 3368 intentius
1739 3319 2095 3381 examinemus,
2145 3317 2257 3367 dico

384 3410 538 3458 verba
578 3409 785 3457 nutricis
823 3408 968 3456 haec:
1007 3405 1108 3467 (vv.
1128 3410 1195 3456 46
1217 3403 1367 3469 sqq.):

528 3562 563 3614 ¹)
594 3559 688 3603 vid.
709 3560 831 3604 Mon.
853 3558 1089 3603 dell’Inst.
1112 3557 1192 3613 IX,
1224 3556 1316 3601 tab.
1335 3560 1410 3613 543
1441 3554 1574 3600 Arch.
1601 3556 1699 3612 Ztg.
1728 3559 1847 3611 1873,
1878 3555 2007 3600 tab.1
2036 3575 2087 3591 =
2106 3554 2256 3599 wien.

383 3628 595 3675 Vorl.—Bl.
629 3630 724 3676 Ser.
737 3629 821 3685 VI,
842 3634 882 3674 6.
