2548 4218
2042 280 2142 328 279

276 426 447 489 Suppl.
476 427 634 474 1133:

534 499 642 572 aych
680 494 727 554 ὁ
755 499 953 572 ε’ρημος
991 495 1201 554 αθλὶου
1237 494 1452 567 πατρὸς
1488 497 1663 561 τάλας

533 585 740 658 ἔρημον
779 583 942 640 οἷκον
980 578 1396 683 ὀρφανεύσομαι
1434 580 1621 651 λαβὼν

533 665 602 726 οὗ
640 669 851 743 πατρὸς
888 671 949 725 ἐν
984 672 1136 742 χερσὶ
1174 672 1279 724 τοῦ
1317 667 1597 731 τεκόντος.

277 776 463 827 Troad.
493 779 593 827 749
616 792 748 840 sqq.:

532 855 579 909 ὠ
617 866 724 910 παῖ
759 851 1051 926 δακρύεις;
1089 854 1349 909 αἰσθάνει
1385 856 1578 908 κακῶν
1615 853 1808 917 σέθεν,·

531 942 586 995 τί
621 961 731 1011 μου
771 942 1028 1011 δέδραξαι
1061 942 1213 1011 χερσὶ
1252 934 1504 1009 κάντέχει
1541 939 1794 1004 πέπλων,

533 1021 763 1090 νεοσσὸς
801 1018 932 1081 ὡσεὶ
968 1027 1246 1097 πτέρυγας
1282 1026 1587 1080 εἰσπίτνων
1624 1022 1754 1094 ἐμάς
1765 1045 1784 1088 ,·

278 1147 471 1209 Quibus
523 1163 584 1196 ex
636 1147 758 1196 locis
808 1147 1192 1196 luculentissime
1239 1161 1484 1209 apparere
1531 1148 1650 1208 puto
1708 1144 1928 1206 tragicos
1974 1147 2147 1207 poetas

275 1233 326 1282 in
366 1233 535 1296 pueris
572 1233 840 1296 praecipue
880 1232 1176 1281 imbecillam
1216 1239 1539 1294 teneramque
1577 1234 1787 1279 aetatem
1816 1229 2031 1278 voluisse
2065 1245 2148 1278 ex-

277 1319 514 1382 primere,
583 1318 715 1381 quod
772 1317 970 1381 quidem
1027 1316 1294 1380 Euripides
1356 1317 1556 1379 saepius
1613 1314 1979 1378 comparatione
2036 1329 2146 1363 cum

277 1404 445 1452 avium
505 1404 657 1467 pullis
713 1418 832 1452 usus
894 1418 992 1452 non
1055 1402 1256 1466 illepide
1313 1402 1492 1451 effecit.
1584 1400 1772 1462 Quales
1828 1401 1867 1449 si
1924 1399 2148 1463 depictos

282 1505 465 1553 pueros
524 1489 769 1548 videmus,
826 1488 1119 1537 incredibile
1175 1488 1374 1536 videtur
1438 1503 1527 1551 pro
1584 1487 1762 1535 talibus
1817 1485 2148 1534 Athenienses

281 1574 482 1624 adultos
521 1575 569 1623 in
609 1590 793 1623 scaena
831 1575 1071 1623 tolerasse
1110 1576 1315 1636 agentes
1353 1576 1440 1621 aut
1477 1588 1613 1620 mera
1639 1572 1915 1620 simulacra.
1990 1571 2148 1619 Multa

276 1661 342 1709 illi
385 1660 585 1724 quidem
625 1676 653 1708 a
692 1666 874 1708 natura
911 1659 1229 1708 abhorrentia
1267 1659 1623 1720 toleraverunt,
1661 1658 1788 1705 sicut
1814 1647 2151 1721 ἐκκύκλημα,

278 1745 471 1795 similia.
528 1745 623 1795 Sed
664 1746 809 1795 etiam
848 1745 1133 1794 accuratius
1167 1745 1379 1793 intuenti
1413 1744 1637 1792 actiones
1665 1757 1933 1805 puerorum
1962 1742 2151 1790 naturis

278 1833 424 1881 unice
465 1831 861 1880 accommodatas
900 1835 1072 1894 poetas
1111 1831 1162 1878 in
1202 1830 1320 1893 ipsis
1346 1829 1576 1878 versibus
1602 1827 1845 1877 indicasse
1872 1828 2151 1891 apparebit.

277 1918 467 1967 Scimus
517 1918 667 1980 enim,
724 1931 1053 1979 quaecunque
1103 1931 1237 1964 nunc
1286 1918 1465 1978 poetae
1517 1914 1578 1963 de
1625 1913 1902 1962 actionibus
1941 1915 2148 1974 totoque

283 2017 495 2051 scaenae
532 2006 778 2065 apparatu
818 2002 1061 2063 separatis
1101 2002 1232 2050 notis
1270 2000 1629 2064 praescribunt,
1667 2014 1725 2047 ea
1763 1999 1927 2047 omnia
1954 2001 2150 2046 veteres

278 2090 454 2152 poetas
487 2088 536 2136 in
577 2088 698 2151 ipsis
733 2102 1060 2150 personarum
1097 2087 1406 2135 sermonibus
1431 2084 1697 2133 indicasse.
1747 2084 1896 2133 Tales
1930 2083 2151 2132 actiones

279 2173 388 2222 sive
427 2172 750 2222 condiciones
787 2174 897 2222 unis
934 2173 1103 2236 pueris
1142 2172 1498 2221 convenientes
1538 2173 1655 2219 sunt
1693 2186 1733 2218 e.
1759 2186 1806 2232 g.
1844 2170 1956 2217 hae:

349 2273 425 2322 Ai.
453 2271 576 2322 545:
802 2259 910 2336 αἶρ’
938 2259 1115 2320 αὐτὸν
1155 2261 1273 2335 αἶρε
1313 2265 1497 2334 δεῦρο.

350 2359 554 2408 Heracl.
581 2355 767 2421 47l48:
809 2345 1148 2421 λαμβάνεσθ’
1176 2351 1326 2421 ἐμῶν
1362 2351 1611 2404 πέπλων.

350 2445 499 2493 Herc.
528 2447 615 2494 70:
800 2469 884 2506 —-—,
922 2433 1021 2501 οὓς
1057 2428 1173 2491 ὑπὸ
1211 2447 1439 2505 πτεροῖς

802 2519 963 2590 σώζω
1001 2519 1269 2585 νεοσσούς
1305 2525 1426 2574 κτλ.

278 2628 438 2677 Multa
483 2629 662 2677 similia
707 2643 910 2691 possum
951 2629 1144 2677 afferre.
1219 2626 1576 2689 Cognoscimus
1615 2625 1729 2674 inde
1777 2628 1950 2687 poetas
1989 2625 2038 2671 in
2076 2622 2152 2671 his

278 2729 548 2777 puerorum
606 2714 853 2777 partibuS,
911 2718 966 2762 ut
1018 2714 1217 2763 omnino
1269 2714 1318 2761 in
1371 2712 1563 2760 scaenis
1613 2709 1993 2773 componendis,
2051 2724 2150 2757 non

279 2799 435 2862 magis
474 2799 631 2848 verba
668 2802 921 2863 spectasse
961 2814 1108 2862 quam
1147 2799 1388 2861 imagines
1427 2800 1540 2845 ante
1581 2796 1754 2844 oculos
1792 2795 2047 2843 habuisse:
2101 2793 2149 2841 id

281 2885 410 2933 enim
468 2885 613 2934 nobis
669 2885 976 2933 recentibus
1009 2899 1207 2947 semper
1263 2882 1530 2932 tenendum
1590 2884 1685 2939 est,
1741 2895 1891 2943 agere
1947 2893 2040 2927 nos
2091 2878 2153 2926 de

279 2969 683 3031 spectaculis,
720 2985 849 3031 quae
889 2970 1062 3032 quanti
1101 2968 1289 3017 fuerint
1326 2971 1528 3031 praeter
1554 2966 1709 3015 verba
1736 2966 1949 3028 prolata,
1984 2965 2148 3028 ipsum

280 3054 466 3102 indicat
503 3069 680 3102 nomen
720 3044 986 3118 θεάτρου.
1045 3055 1217 3116 Itaque
1254 3053 1453 3102 omnino
1487 3067 1586 3100 non
1614 3050 1876 3100 credemus
1915 3049 2149 3106 Graecos

280 3141 335 3187 ut
373 3142 515 3187 erant
551 3139 850 3201 imaginibus
889 3140 1017 3188 bene
1069 3138 1356 3200 compositis
1403 3135 1699 3200 aspiciendis
1752 3136 1962 3197 assueti,
2011 3137 2151 3183 tanta

279 3223 524 3272 tolerasse
563 3227 802 3273 monstra:
851 3223 1048 3273 adultos
1087 3239 1177 3287 pro
1217 3222 1526 3286 pusionibus,
1565 3221 1710 3270 etiam
1751 3221 1933 3284 quibus
1972 3234 2150 3268 canen-

281 3307 398 3358 dum
437 3307 603 3371 fuerit,
639 3312 862 3373 agentes.

423 3406 519 3456 Sed
571 3409 822 3471 quoniam,
880 3409 1051 3471 quanti
1101 3408 1333 3457 momenti
1385 3410 1644 3469 poetarum
1684 3404 1839 3454 verba
1886 3406 2050 3453 essent
2088 3403 2150 3452 ad

281 3493 661 3556 cognoscendas
718 3493 941 3542 actiones
997 3496 1252 3556 totamque
1316 3506 1609 3540 scaenarum
1666 3490 1929 3553 imaginem
1986 3489 2149 3537 animo

280 3575 738 3641 redintegrandam,
776 3577 1120 3642 intelleximus,
1158 3577 1304 3626 etiam
1342 3576 1582 3625 intentius
1621 3589 1708 3624 eos
1733 3575 1884 3637 locos,
1923 3573 2152 3637 quisunt
