2548 4218
2017 282 2132 334 283,-

256 423 474 487 legentia
525 424 794 485 provectae
847 423 1024 470 aetatis
1077 421 1337 470 indicatur.
1412 422 1587 484 Itaque
1638 422 1816 471 Medea
1866 425 1915 471 et
1953 438 1996 470 v.
2019 423 2121 472 905

258 512 307 557 et
343 523 388 555 v.
413 509 547 557 1075
587 522 772 569 pueros
811 507 1025 557 osculari
1066 507 1286 571 quidem,
1325 506 1412 556 sed
1452 523 1551 556 non
1593 507 1818 556 attollere
1858 507 2124 571 cogitanda

258 595 344 642 est.
420 591 517 640 Sed
568 608 681 640 num
735 593 934 642 omnino
987 594 1162 641 mirum
1216 591 1427 655 videtur,
1479 592 1651 655 paullo
1709 593 1919 657 maiores
1968 591 2123 641 fuisse

259 691 343 726 eos
398 691 603 740 pueros,
661 677 841 739 quibus
893 679 1010 726 talia
1061 679 1395 741 imponantur,
1451 681 1506 726 ut
1558 693 1684 726 onus
1735 694 1836 726 non
1893 678 2124 740 exiguum

258 761 486 811 manibus
539 762 840 823 sustineant,
896 762 1145 821 auferant,
1204 763 1402 812 omnino
1455 778 1610 825 usque
1661 766 1778 811 eant
1824 762 2037 813 redeant
2074 763 2125 810 in

258 847 476 895 scaena?
495 844 533 905 ¹)
562 872 630 878 —
657 846 936 896 Clarissime
964 852 1129 896 autem
1156 851 1351 911 poetam
1392 863 1568 897 revera
1606 848 1830 899 diversas
1856 858 2126 912 puerorum

259 935 449 981 aetates
487 932 650 980 animo
690 932 907 995 finxisse,
958 933 1128 996 itaque
1167 934 1257 982 has
1295 934 1615 997 quaestiones
1667 949 1766 982 non
1805 934 1980 984 inanes
2019 948 2126 983 esse

259 1016 495 1080 elucebit,
550 1018 590 1065 si
629 1017 720 1065 has
759 1017 962 1072 Medeae
1015 1018 1280 1068 liberorum
1338 1023 1508 1083 partes
1560 1035 1670 1068 cum
1709 1019 2033 1082 Astyanactis
2076 1018 2126 1067 in

258 1101 599 1151 Troadibus
627 1103 1008 1165 comparaveris.
1048 1103 1122 1158 Ibi
1149 1119 1350 1167 quoque
1371 1107 1529 1153 mater
1547 1119 1758 1168 puerum
1780 1104 1945 1152 valere
1971 1104 2130 1167 iubet3

259 1186 348 1236 sed
386 1187 469 1236 ille
523 1187 822 1236 describitur
859 1200 1020 1246 paene
1058 1193 1112 1238 ut
1150 1189 1331 1253 infanS,
1370 1206 1497 1253 cum,
1535 1205 1665 1253 quae
1704 1205 1869 1238 coram
1908 1205 1959 1238 se
1997 1188 2131 1252 fiant,

258 1272 548 1335 intellegere
598 1288 698 1322 non
738 1267 1027 1337 videatu1·.2)
1100 1275 1283 1324 Postea
1321 1279 1523 1325 matrem
1563 1291 1672 1324 eum
1711 1275 1773 1325 ad
1811 1290 1865 1324 se
1904 1274 2130 1323 attollere

259 1360 397 1421 patet
435 1373 542 1406 cum
585 1358 709 1407 haec
747 1358 899 1407 dicat:
938 1358 1060 1419 (757
1085 1358 1234 1423 sqq.):

525 1453 572 1517 ὦ
607 1464 740 1518 νέον
776 1457 1166 1536 ὑπαγκάλισμα
1202 1468 1365 1537 μητρὶ
1404 1468 1696 1535 φίλτατον,

521 1545 568 1603 ὦ
603 1547 820 1620 χρωτὸς
857 1542 966 1620 ἡδὺ
1003 1555 1254 1621 πνεῦμα·
1296 1549 1385 1605 διὰ
1421 1555 1587 1622 κενῆς
1625 1547 1732 1623 ἄρα

521 1637 582 1689 ἐν
623 1633 965 1706 σπαργάνοις
1003 1652 1062 1691 σε
1098 1635 1304 1707 μαστὸς
1341 1631 1598 1708 ἐξέθρεψ’
1626 1631 1719 1692 ὅδε
1756 1642 1871 1692 κτλ.

517 1717 831 1792 πρόσπιτνε
867 1720 974 1793 τὴν
1009 1727 1299 1790 τεκοῦσαν,
1340 1716 1479 1794 ἀμφὶ
1519 1717 1567 1778 δ’
1595 1717 1804 1788 ὠλένας

519 1802 679 1861 ἕλισό
706 1807 857 1877 ἐμοῖς
896 1805 1123 1862 νώτοισι
1163 1810 1257 1862 καὶ
1296 1804 1451 1879 στόμ’
1481 1802 1740 1881 ἅρμοσον.

405 1929 481 1976 Ex
546 1929 724 1977 ceteris
785 1929 950 1992 pueris
1007 1929 1368 1978 Heraclidae
1431 1930 1641 1978 maiores
1702 1929 1952 1988 videntur3
2021 1946 2134 1978 nam

264 2018 319 2062 ut
381 2028 533 2077 supra
594 2012 663 2076 (p.
697 2013 820 2073 227)
884 2014 1239 2075 demonstravi,
1301 2019 1349 2063 et
1410 2014 1724 2077 prudentiam
1783 2015 2030 2078 quandam
2088 2019 2137 2064 et

263 2100 361 2147 vim
412 2102 684 2162 praestant.
773 2098 962 2148 Similia
1010 2100 1067 2147 iis
1119 2101 1454 2163 imperantur,
1513 2116 1642 2163 quae
1692 2101 1898 2149 Medeae
1954 2102 2138 2163 pueris,

267 2200 335 2233 sc.
374 2188 428 2233 ut
465 2199 555 2247 per
593 2200 646 2233 se
685 2185 820 2248 ipsos
871 2199 1017 2247 reges
1056 2184 1263 2248 adeant,
1309 2185 1546 2247 salutent,
1594 2187 1771 2249 quibus
1809 2187 1956 2235 rebus
1992 2185 2138 2235 liber-

268 2272 419 2318 tatem
470 2270 717 2332 quandam
760 2269 942 2332 agendi
994 2270 1098 2319 sive
1149 2270 1433 2334 audaciam,
1490 2271 1651 2334 qualis
1697 2272 1990 2333 pusionibus
2035 2287 2135 2319 non

267 2356 520 2418 convenit,
559 2356 765 2419 exprimi
803 2370 954 2418 supra
981 2357 1253 2404 statuimus.
1310 2357 1386 2404 De
1414 2357 1771 2419 Polymestoris
1808 2356 1858 2405 in
1898 2356 2138 2405 Hecuba

266 2441 377 2489 filiis
416 2444 603 2489 certum
645 2441 811 2490 dicere
850 2457 950 2489 non
990 2442 1118 2500 licet,
1158 2442 1274 2503 quia
1312 2442 1528 2491 breviter
1567 2445 1755 2491 tantum
1797 2459 1825 2491 a
1852 2446 2000 2506 poeta
2039 2458 2136 2490 me-

269 2530 538 2575 morantur.
615 2526 759 2587 Quod
800 2542 920 2575 vero
958 2527 1273 2590 Polymestor
1318 2528 1423 2590 ipse
1464 2530 1634 2576 narrat
1672 2527 1902 2577 mulieres
1948 2529 1996 2576 in
2031 2531 2138 2577 ten-

271 2613 398 2660 torio
432 2627 614 2675 pueros
642 2612 869 2661 manibus
899 2612 1118 2661 vibrasse
1146 2609 1441 2674 (1157l58),
1477 2612 1593 2661 inde
1620 2612 1668 2661 in
1699 2628 1880 2662 scaena
1904 2613 2138 2676 pusiones

270 2697 425 2746 fuisse
464 2697 692 2746 concludi
731 2713 876 2760 posse
915 2713 1043 2760 nego
1084 2713 1144 2746 ex
1184 2698 1354 2746 eadem
1395 2713 1561 2760 causa,
1600 2714 1744 2760 quam
1786 2699 1847 2747 de
1874 2698 2138 2747 Alcestidis

267 2784 437 2845 pueris
492 2797 771 2846 sei-vaeque
810 2783 1094 2832 narratione
1134 2784 1279 2831 attuli
1330 2783 1396 2846 (p.
1418 2781 1556 2843 280).
1631 2784 1817 2833 Contra
1855 2784 2138 2833 Herculis

269 2868 410 2931 pueri
447 2882 569 2916 sane
608 2867 714 2916 fere
753 2884 782 2916 a
819 2869 1031 2917 trimulis
1085 2869 1166 2917 vel
1205 2868 1531 2931 quadrimulis
1581 2868 1630 2916 in
1671 2884 1851 2917 scaena
1894 2870 1990 2917 acti
2031 2884 2139 2918 esse

269 2953 516 3014 videntur,
554 2953 714 3015 qualis
753 2957 828 3002 est
866 2953 951 3001 illa
990 2968 1187 3015 scaena,
1233 2969 1330 3016 qua
1369 2954 1523 3017 patris
1561 2954 1784 3003 vestibus
1820 2954 2138 3016 implicantur

272 3042 380 3099 etc.‚
431 3038 492 3087 de
543 3054 643 3101 qua
697 3054 850 3101 supra
899 3039 1000 3086 dixi
1042 3037 1265 3101 (p.234).
1338 3039 1484 3087 Talia
1520 3038 1625 3086 fieri
1665 3055 1694 3087 a
1731 3040 1900 3102 pueris
1941 3039 2139 3088 circiter

269 3123 530 3172 duodecim
567 3139 809 3172 annorum
847 3124 1069 3187 ineptum
1098 3129 1244 3188 esset,
1282 3125 1409 3172 sicut
1435 3124 1680 3173 Molossus
1719 3140 1766 3187 q.
1792 3140 1855 3187 v.,
1908 3125 1992 3188 qui
2030 3125 2137 3187 pari

414 3301 448 3356 1)
480 3300 647 3354 Quales
678 3301 934 3357 posteriore
967 3301 1150 3357 quidem
1182 3304 1333 3345 aetate
1355 3301 1545 3345 Medeae
1577 3300 1707 3345 liberi
1736 3301 1782 3344 in
1803 3313 2014 3345 scaenam
2035 3314 2140 3357 pro-

271 3371 449 3427 dierint,
497 3384 554 3415 cx
584 3371 861 3427 Pompeiana
898 3373 1073 3427 pictura
1110 3365 1330 3428 cognosci
1369 3375 1540 3428 potest,
1585 3384 1699 3428 quae
1740 3384 1961 3428 expressa
1991 3372 2139 3417 estin

270 3441 389 3485 Mon.
424 3440 530 3485 dell'
552 3441 665 3486 Inst.
697 3442 816 3487 ined.
849 3442 940 3486 vol.
961 3442 1041 3497 XI,
1073 3442 1164 3487 tab.
1184 3445 1250 3486 31.

415 3513 450 3567 ²)
482 3512 746 3568 Euripidem
778 3514 862 3557 hac
893 3514 939 3556 in
969 3526 1017 3557 re
1048 3513 1279 3569 antiquam
1311 3513 1483 3568 epicam
1515 3513 1778 3557 memoriam
1807 3515 2014 3557 secutum
2036 3525 2140 3556 esse

270 3595 406 3638 supra
436 3596 480 3639 p.
498 3586 596 3638 256,
627 3598 670 3629 n.
690 3588 713 3627 2
746 3584 954 3640 exposui.

355 3669 453 3703 mss.
479 3669 564 3702 Hal.
588 3670 700 3703 xm.
1835 3671 1886 3712 19
