2548 4218
367 1003 605 1095 Fabulas
629 1044 935 1094 Graecorum
959 1045 998 1093 si
1023 1045 1130 1107 quis
1151 1050 1287 1093 recte
1307 1044 1416 1093 vult
1435 1043 1726 1106 intellegere
1747 1049 1795 1092 et
1821 1045 2097 1104 aestimare,

226 1133 267 1180 ei
324 1130 374 1179 id
431 1130 672 1193 imprimis
729 1130 999 1179 tenendum
1059 1135 1151 1190 est,
1206 1130 1347 1179 ludos
1405 1130 1661 1178 scaenicos
1707 1130 2097 1189 Atheniensium,

228 1218 409 1280 quibus
446 1217 561 1264 illae
593 1215 792 1264 fabulae
820 1221 965 1265 erant
992 1216 1283 1279 destinatae,
1321 1218 1513 1278 partem
1541 1216 1765 1264 effecisse
1793 1231 2098 1279 magnarum,

225 1317 351 1365 quae
404 1303 670 1364 quotannis
708 1302 890 1351 Libero
943 1302 1278 1362 habebantur,
1323 1300 1574 1350 feriarum.
1649 1302 1719 1349 Eo
1771 1303 1898 1349 enim
1952 1301 2099 1348 maxi-

228 1404 351 1436 mam
410 1395 599 1450 partem
652 1392 816 1437 certae
866 1389 981 1437 illae
1032 1391 1081 1436 et
1130 1389 1270 1450 quasi
1321 1386 1513 1450 rigidae
1562 1387 1846 1436 fabularum
1896 1387 2101 1448 formae,

226 1489 355 1536 quae
404 1488 433 1521 a
471 1479 752 1522 nostrorum
792 1478 1047 1536 poetarum
1086 1474 1286 1522 licentia
1325 1474 1500 1521 mirum
1540 1476 1779 1535 quantum
1818 1473 2102 1533 abhorrent,

226 1558 519 1607 referendae
558 1563 687 1607 sunt.
760 1559 888 1607 Nam
929 1564 1105 1622 poetae
1143 1559 1192 1606 in
1227 1558 1583 1621 componendis
1608 1557 1789 1607 fabulis
1815 1573 1914 1606 non
1941 1558 2097 1607 solum

227 1644 511 1693 reverentia
560 1644 770 1706 quadam
823 1644 975 1706 prisci
1026 1644 1174 1693 moris
1226 1643 1383 1705 ducti,
1435 1643 1523 1692 sed
1576 1645 1721 1692 etiam
1773 1659 1942 1692 eorum
1989 1643 2101 1692 sub-

227 1729 488 1792 sidiorum,
538 1744 662 1791 quae
713 1729 774 1777 ad
822 1728 966 1778 ludos
1005 1729 1334 1778 instituendos
1375 1730 1683 1778 sollemniter
1721 1729 2103 1792 praebebantur,

229 1820 364 1863 certo
403 1813 551 1863 modo
591 1815 804 1875 astricti,
850 1815 1078 1877 pristinas
1117 1815 1227 1863 illas
1262 1814 1445 1863 formas
1484 1815 1715 1877 religiose
1759 1819 2103 1863 servaverunt.

228 1900 416 1948 Tamen
469 1901 518 1947 in
570 1900 688 1961 ipsis
728 1900 827 1948 illis
866 1901 1091 1963 angustis
1130 1899 1310 1948 finibus
1350 1915 1664 1963 progressum
1706 1900 1958 1963 quendam
1997 1899 2102 1948 fieri

231 1986 463 2047 cognosci
502 1989 681 2048 potest.
754 1986 880 2034 Nam
920 1989 1269 2048 praeterquam
1310 1986 1442 2048 quod
1482 1985 1701 2034 subsidia
1739 1986 1820 2034 illa
1859 2001 1949 2049 per
1980 1989 2103 2034 tem-

229 2086 403 2133 porum
444 2085 639 2119 cursum
679 2071 845 2133 paullo
884 2074 1030 2119 aucta
1066 2074 1194 2134 sunt,
1232 2077 1410 2134 poetae
1438 2073 1587 2120 certis
1614 2072 1920 2135 temporibus
1948 2086 2104 2120 novos

231 2156 423 2204 colores
450 2155 555 2203 sive
582 2155 791 2204 artificia
813 2157 1043 2205 scaenica
1068 2155 1249 2205 fabulis
1271 2157 1370 2205 suis
1391 2157 1740 2219 adhibuerunt,
1766 2162 1880 2220 post
1901 2157 2102 2219 aliquod

230 2245 439 2303 tempus,
478 2255 605 2303 quae
643 2244 789 2290 antea
827 2247 1152 2300 novaverant,
1193 2257 1341 2304 saepe
1367 2243 1662 2291 reiecerunt.
1735 2243 1864 2302 Nam
1892 2243 2099 2291 multum

231 2326 385 2374 valuit
419 2326 564 2373 etiam
592 2327 640 2374 in
670 2326 850 2375 fabulis
878 2326 1236 2389 componendis
1263 2342 1383 2375 usus
1410 2332 1670 2391 tyrannuS,
1707 2328 1805 2390 qui,
1844 2343 1971 2390 quae
1996 2328 2104 2391 ipse

231 2412 444 2475 peperit,
491 2427 602 2459 mox
641 2411 769 2460 idem
810 2411 979 2460 delere
1019 2412 1160 2460 solet.
1235 2414 1412 2461 Moneo
1453 2413 1513 2461 de
1553 2413 1794 2462 Charonis
1832 2413 1916 2461 illa
1954 2414 2101 2476 scala,

233 2495 366 2558 quod
418 2494 679 2544 artificium
731 2497 844 2544 olim
897 2497 944 2544 in
998 2500 1244 2558 apparatu
1296 2498 1525 2545 scaenico
1576 2498 1897 2560 praecipuum
1942 2497 2103 2546 locum

232 2581 468 2640 tenuisse,
505 2585 679 2643 postea
705 2582 882 2630 sensim
912 2582 1192 2645 neglectum
1221 2597 1328 2630 esse
1356 2597 1513 2645 nuper
1540 2583 1787 2631 Robertus
1805 2580 1843 2642 ¹)
1872 2583 2103 2632 ostendit.

235 2666 393 2715 Multa
431 2666 528 2714 alia
565 2681 763 2728 possum
799 2667 992 2716 afferre.
1066 2666 1299 2716 Similiter
1327 2683 1593 2731 puerorum
1621 2683 1822 2731 quoque
1848 2667 1897 2716 in
1925 2668 2105 2717 fabulis

235 2754 427 2815 parteS,
477 2767 600 2814 quas
651 2752 766 2800 mihi
818 2752 1106 2801 tractandas
1144 2754 1407 2816 proposui,
1453 2757 1588 2802 certo
1627 2753 1841 2816 quodam
1881 2758 2104 2817 tempore

186 2862 190 2867 ·
236 2838 282 2884 in
344 2837 506 2898 gratia
561 2839 610 2885 et
666 2838 855 2886 honore
910 2837 1085 2897 fuisse,
1141 2842 1312 2901 postea
1368 2841 1564 2900 spretae
1622 2843 1671 2887 et
1725 2839 1948 2888 abiectae
1998 2855 2105 2889 esse

234 2920 486 2970 videntur.
560 2923 662 2970 Iam
688 2937 805 2971 vero
841 2922 899 2971 iis
939 2922 1155 2971 artificiis
1193 2923 1460 2986 diligenter
1498 2923 1822 2973 observandis
1859 2925 1898 2973 si
1939 2930 2104 2987 poeta-

235 3023 342 3056 rum
381 3022 521 3056 usum
563 3009 770 3070 eiusque
809 3008 1177 3057 vicissitudines
1215 3009 1628 3072 constituerimus,
1665 3013 1877 3073 apparet
1915 3026 2005 3059 nos
2044 3010 2106 3058 ad

237 3092 546 3155 singulorum
587 3108 685 3141 non
724 3094 881 3142 solum
923 3098 1177 3157 poetarum
1219 3093 1424 3156 indoles,
1462 3110 1632 3143 verum
1672 3096 1815 3143 etiam
1856 3095 1919 3144 ad
1959 3097 2107 3144 totius

238 3178 358 3225 artis
397 3177 695 3227 dramaticae
733 3178 920 3242 gradus
959 3195 1017 3228 ac
1055 3195 1314 3242 processus
1353 3195 1469 3228 vere
1510 3179 1888 3243 cognoscendos
1917 3181 2105 3243 aliquid

237 3261 550 3324 profecturos
576 3279 698 3312 esse.
756 3266 929 3326 ltaque
956 3265 995 3312 si
1023 3264 1172 3327 hunc,
1200 3281 1344 3327 quem
1374 3266 1487 3313 mihi
1517 3265 1898 3314 examinandum
1927 3281 2106 3329 propo-

237 3347 327 3408 sui,
365 3347 667 3410 singularem
707 3365 892 3398 morem
932 3351 1228 3413 scaenicum,
1266 3365 1447 3412 pueros
1486 3351 1535 3398 in
1564 3366 1793 3400 scaenam
1822 3350 2105 3409 inducendi,

240 3447 350 3480 cum
378 3433 543 3495 aliquo
571 3433 736 3483 fructu
763 3435 1053 3498 perquirere
1073 3440 1226 3499 atque
1247 3436 1499 3498 explicare
1520 3436 1801 3499 contigerit,
1827 3436 2105 3499 paullulum

387 3581 423 3636 ¹)
455 3581 604 3627 Herm.
628 3582 799 3640 XXXI,
828 3597 872 3640 p.
895 3588 976 3629 538
998 3597 1099 3641 sqq.

329 3665 427 3698 mss.
444 3666 534 3699 Hal.
558 3667 670 3701 xm.
1801 3674 1850 3715 15
