2548 4218
423 304 526 352 220

420 443 483 491 ad
512 459 633 507 eam,
672 459 819 506 quam
861 444 909 492 in
950 444 1214 493 tractanda
1254 444 1556 493 Graecorum
1597 446 1855 507 tragoedia
1883 448 2292 496 Wilamowitzius

423 527 723 591 philologiae
761 529 889 576 viam
931 530 1237 589 monstravit,
1276 528 1593 577 muniendam
1634 531 1900 580 contulisse
1927 532 2044 580 mihi
2072 533 2291 581 videbor.

419 610 706 661 Occurrunt
761 616 924 661 autem
995 614 1087 662 hae
1146 614 1453 676 potissimum
1517 614 1855 676 quaestiones:
1917 615 2073 665 Num'
2114 633 2291 666 revera

417 699 585 761 pueri
626 713 710 746 eas
761 698 1005 747 minorum
1046 704 1165 748 natu
1205 703 1373 761 partes
1411 705 1767 762 susceperunt,
1808 706 1894 750 aut
1932 703 2072 752 cuius
2115 705 2292 752 aetatis

418 782 621 831 fuerunt
660 785 691 831 ii
738 785 903 847 pueri,
950 785 1034 847 qui
1087 785 1135 832 in
1190 800 1371 833 scaena
1410 785 1654 847 egerunt?
1729 786 1839 846 Quo
1878 790 2102 851 tempore
2139 793 2226 838 aut
2263 806 2291 837 a

418 885 514 932 quo
566 871 722 932 primo
774 871 917 932 pueri
969 874 1086 918 sunt
1135 871 1358 919 inducti?
1432 870 1678 931 Quamdiu
1731 888 1996 935 puerorum
2036 880 2203 937 partes
2242 877 2289 923 in

415 956 604 1004 honore
662 955 898 1004 fuerunt?
997 956 1258 1016 Quomodo
1318 971 1408 1018 per
1463 961 1740 1020 temporum
1798 974 2117 1022 progressum
2174 965 2292 1009 sunt

413 1041 678 1090 excultae?
753 1040 1012 1101 Quatenus
1040 1054 1216 1104 vquove
1257 1042 1464 1091 consilio
1504 1047 1683 1106 poetae
1721 1043 1779 1092 iis
1818 1045 1889 1092 usi
1929 1047 2078 1094 sunt?

556 1414 770 1464 Primum
811 1416 960 1479 igitur
999 1419 1054 1464 ut
1090 1414 1286 1464 firmum
1321 1417 1409 1465 toti
1438 1418 1716 1478 quaestioni
1744 1417 2089 1467 substruamus
2114 1418 2291 1467 funda-

413 1504 656 1564 mentum,
712 1517 772 1550 ea
827 1517 1096 1564 puerorum
1154 1501 1471 1550 inductorum
1530 1502 1780 1566 exempla,
1837 1519 1965 1566 quae
2021 1505 2069 1551 in
2121 1519 2288 1567 super-

410 1587 608 1636 stitibus
659 1586 842 1636 fabulis
893 1591 1112 1646 exstant,
1165 1588 1525 1650 pei-lustremus
1573 1593 1723 1651 atque
1775 1589 2080 1651 colligamus.
2166 1589 2287 1638 Cum

412 1673 540 1720 enim
582 1688 680 1721 non
720 1673 930 1736 ubique,
981 1672 1103 1735 quid
1136 1674 1396 1735 xvoluerint
1432 1678 1610 1735 poetae
1649 1674 1696 1721 in
1737 1689 1922 1723 scaena
1958 1673 2091 1736 fieri,
2141 1674 2290 1736 plane

409 1758 472 1806 sit
510 1757 804 1818 dilucidum,
845 1765 1079 1808 accurata
1118 1760 1359 1821 imprimis
1398 1774 1525 1822 opus
1564 1763 1639 1808 est
1677 1760 1943 1809 verborum
1995 1759 2288 1808 traditorum

409 1845 839 1907 interpretatione.
929 1845 1039 1905 Qua
1088 1845 1136 1893 in
1188 1860 1240 1893 re
1290 1845 1414 1894 haec
1466 1845 1675 1894 maxime
1724 1847 2033 1908 quaerimus:
2083 1845 2288 1908 quando

407 1929 657 1992 prodeant
697 1930 872 1992 pueri?
917 1930 1150 1993 quamdiu
1198 1934 1455 1980 morentur
1499 1932 1545 1979 in
1593 1928 1814 1995 scaena?
1858 1932 1898 1980 si
1943 1932 2128 1994 plures,
2165 1935 2288 1993 quot

408 2015 543 2064 sint?
597 2015 717 2078 quid
763 2017 951 2078 agant?
1007 2032 1122 2065 num
1170 2016 1290 2079 quid
1337 2017 1604 2079 loquantur
1647 2017 1730 2065 vel
1775 2017 1993 2065 canant?
2037 2015 2286 2079 quomodo

410 2105 609 2164 canant,
647 2102 903 2150 coniuncti
942 2118 1004 2150 an
1046 2102 1174 2151 soli?
2166 2107 2169 2110 ’

550 2316 604 2363 In
646 2319 834 2379 septem
875 2315 1234 2379 Aeschyleis
1273 2315 1548 2380 tragoediis
1585 2331 1792 2379 puerum
1828 2316 2016 2365 nullum
2045 2315 2285 2365 videmus.

549 2530 697 2594 Apud
727 2531 1074 2594 Sophoclem
1112 2533 1323 2594 primum
1352 2532 1399 2580 in
1427 2527 1672 2595 Antigona
1691 2530 1727 2591 ¹)
1756 2547 1965 2594 puerum
1992 2532 2287 2596 invenimu8‚

408 2616 516 2665 dico
569 2633 704 2681 eum,
755 2632 855 2680 quo
894 2617 1114 2666 Tiresias
1167 2632 1345 2666 caecus
1385 2617 1510 2666 duce
1549 2619 1715 2666 utitur.
1789 2617 2027 2677 Quamvis
2065 2617 2146 2666 ille
2186 2632 2284 2665 non

408 2703 537 2750 inter
589 2717 831 2764 personas
880 2702 1079 2751 fabulae
1127 2704 1190 2751 sit
1226 2702 1507 2759 habendus,
1558 2707 1720 2751 tamen
1759 2702 1928 2766 prodit
1963 2703 2011 2750 in
2051 2717 2283 2751 scaenam

407 2787 804 2851 (989—1090);
862 2789 976 2837 item
1035 2789 1084 2836 in
1142 2787 1338 2852 Oedipo
1395 2803 1514 2851 rege
1572 2805 1599 2836 a
1657 2804 1809 2851 puero
1865 2785 2007 2850 (444)
2064 2788 2284 2837 Tiresias

407 2872 618 2921 ducitur.
694 2874 939 2931 Nimirum
968 2874 1078 2922 talis
1106 2889 1233 2936 puer
1259 2873 1624 2936 intellegendus
1651 2881 1739 2936 est,
1777 2874 1950 2937 quales
1977 2873 2284 2921 sollemniter

550 3055 585 3109 1)
615 3054 896 3111 Antigonam
929 3053 1072 3100 Aiace
1113 3054 1413 3111 antiquiorem
1447 3067 1552 3099 esse
1583 3067 1643 3098 ex
1673 3052 1906 3097 nonnullis
1937 3053 2047 3097 artis
2077 3052 2281 3109 proprie-

405 3125 574 3169 tatibus
616 3127 842 3182 sequitur:
883 3128 947 3170 ita
986 3126 1364 3171 Wilamowitzius
1408 3124 1515 3181 (An.
1537 3126 1643 3170 Eur.
1675 3139 1718 3181 p.
1746 3125 1844 3182 195)
1882 3124 2110 3180 ostendit,
2150 3123 2281 3168 Anti-

405 3210 570 3253 gonam
619 3211 753 3242 unam
802 3212 858 3242 ex
899 3198 1169 3254 Sophocleis
1214 3196 1378 3243 fabulis
1424 3197 1635 3242 antilabis
1675 3209 1852 3251 carere3
1897 3197 2005 3240 item
2047 3196 2282 3252 Antigona

405 3268 633 3312 monodiis
664 3273 807 3324 caret,
850 3283 964 3326 quae
997 3274 1242 3314 occurrunt
1271 3269 1316 3312 in
1346 3268 1585 3313 Alcestide
1616 3272 1663 3312 et
1693 3268 1849 3312 Aiace.
1909 3266 2096 3311 Aiacem
2128 3270 2281 3311 autem

404 3339 642 3384 Alcestide
680 3341 978 3384 recentiorem
1011 3354 1115 3386 esse
1152 3340 1522 3385 Wilamowitzius
1555 3339 1663 3395 (An.
1685 3339 1790 3383 Eur.
1822 3352 1868 3394 p.
1891 3338 1991 3395 255)
2023 3338 2282 3394 suspicatus

405 3415 476 3454 est
498 3424 555 3455 ex
578 3410 652 3456 Ai.
675 3415 795 3455 1297.
837 3412 970 3465 Quod
992 3426 1101 3457 vero
1118 3412 1354 3457 Robertus
1376 3411 1581 3456 ostendit
1601 3410 1773 3464 (Herm.
1790 3410 1962 3466 XXXI,
1982 3423 2027 3465 p.
2046 3413 2127 3453 530
2143 3409 2280 3465 sqq.)‚

404 3482 593 3526 Aiacem
625 3482 839 3528 exhibere
862 3485 1119 3528 scaenicum
1141 3488 1407 3540 apparatum
1428 3495 1537 3527 sane
1559 3482 1806 3538 antiquum,
1835 3481 1942 3526 inde
1964 3493 2063 3526 eam
2083 3479 2279 3525 fabulam

406 3553 763 3609 Sophoclearum
796 3555 1157 3611 antiquissimam
1191 3569 1295 3600 esse
1326 3554 1537 3600 concludi
1567 3554 1748 3610 nequit,
1779 3553 2006 3609 siquidem
2037 3565 2128 3596 non
2159 3551 2278 3595 idem

403 3624 614 3670 omnibus
644 3624 808 3670 fabulis
841 3630 1083 3681 apparatus
1116 3626 1347 3672 convenit.
