2548 4218
391 292 493 339 228

390 435 437 482 in
481 436 780 496 anapaest1s.
855 435 983 495 Quid
1024 435 1209 492 faciant
1247 452 1336 499 per
1372 437 1604 498 fabulam,
1643 439 2058 501 quemadmodum
2088 442 2263 488 cantus

391 520 492 568 sint
530 521 808 582 participes,
849 536 947 568 non
988 520 1229 569 videmus.
1285 521 1354 573 ,Si
1394 525 1559 571 autem
1599 529 1788 586 septem
1830 530 2010 573 matres
2063 524 2265 572 fuerunt

391 610 440 653 et
478 606 690 668 singulis
731 605 971 654 matribus
1010 606 1232 668 singulas
1271 606 1480 655 famulas
1518 608 1794 672 tribuimus,
1838 610 2084 672 quomodo
2125 611 2264 659 chori

393 691 641 753 legitimus
677 706 916 738 numerus
942 694 1092 753 atque
1119 691 1277 739 forma
1304 691 1550 741 efficitur?
1623 694 1691 742 At
1717 709 1777 742 ne
1804 694 2038 743 videntur
2064 695 2262 757 quidem

391 781 579 838 septem
621 780 803 824 matres
842 775 1020 824 adesse
1059 791 1228 839 posse,
1273 776 1516 839 siquidem
1560 793 1657 826 non
1697 778 1882 827 adsunt
1920 785 2131 843 septem,
2177 780 2264 828 sed

390 862 614 924 quinque
680 861 874 909 mortui.
967 862 1120 910 Tales
1177 862 1496 924 quaestiones
1562 864 1694 912 viros
1755 864 1929 914 doctos
1979 865 2262 914 iamdudum

388 948 629 996 acerrime
669 950 930 995 vexarunt.
1005 944 1135 994 Satis
1161 948 1224 995 sit
1259 948 1337 995 hie
1365 947 1420 996 G.
1447 950 1787 997 Hermannum
1809 947 1845 1008 ¹)
1883 951 2128 1014 attulisse,
2180 950 2264 1013 qui

389 1032 622 1080 statuerit
650 1032 741 1079 VII
768 1035 966 1090 matreS,
1008 1032 1098 1079 VII
1126 1047 1310 1094 pueros
1345 1033 1393 1081 in
1420 1048 1600 1082 scaena
1627 1033 1794 1094 fuisse,
1833 1035 1916 1097 qui
1944 1034 2122 1097 singuli
2153 1050 2263 1082 cum

390 1117 597 1180 singulis
625 1116 927 1165 alternantes
956 1132 1155 1164 carmen
1183 1117 1306 1165 illud
1333 1119 1656 1167 amoebacum
1683 1117 1841 1178 (1123
1863 1117 1991 1182 sqq.)
2013 1125 2264 1168 canerent.

389 1203 564 1264 Nuper
615 1203 671 1250 R.
699 1199 1048 1260 Arnoldtius2)
1100 1201 1208 1250 illas
1259 1201 1578 1252 difficultates
1627 1204 1864 1267 expedire
1920 1208 2126 1253 conatus
2176 1208 2264 1262 est,

389 1303 497 1336 cum
555 1287 950 1348 accuratissime,
1009 1290 1131 1350 quot
1189 1291 1370 1336 matres
1427 1290 1709 1338 necessario
1766 1289 2040 1339 secundum
2098 1305 2263 1338 rerum

388 1376 566 1421 statum
626 1373 856 1431 fuissent,
920 1372 1257 1436 computando
1329 1374 1553 1437 quinque
1609 1379 1820 1437 poneret
1876 1378 2076 1434 matres;
2152 1391 2264 1424 nam

389 1458 621 1521 quoniam
663 1459 915 1521 Polynicis
955 1462 1004 1507 et
1041 1459 1330 1521 Amphiarai
1372 1475 1584 1523 corpora
1622 1461 1820 1509 omnino
1860 1477 1958 1509 non
1985 1461 2266 1510 Eleusinem

388 1545 539 1593 allata
567 1549 734 1593 essent
772 1544 855 1603 (cf.
884 1561 927 1592 v.
955 1547 1056 1594 925
1086 1542 1228 1608 sqq.),
1268 1547 1464 1594 nonnisi
1505 1546 1727 1609 quinque
1767 1550 1950 1595 matres
1988 1562 2166 1595 revera
2204 1546 2266 1594 ad

389 1629 673 1693 expetenda
728 1646 939 1693 corpora
990 1631 1190 1679 affuisse
1243 1646 1407 1694 posse.
1496 1630 1592 1680 Sed
1643 1648 1759 1680 num
1810 1636 1907 1680 tam
1954 1631 2084 1680 facili
2123 1646 2268 1693 argu·

392 1717 695 1766 mentatione
744 1720 848 1765 tota
886 1717 1111 1779 quaestio
1150 1717 1342 1766 absolvi
1379 1719 1537 1780 possit
1574 1718 1848 1767 videamus.
1920 1719 2099 1780 Neque
2138 1716 2266 1766 enim

390 1803 458 1851 ita
507 1804 727 1865 ineptum
779 1806 853 1851 est
891 1803 1027 1851 illam
1066 1804 1336 1867 poeticam,
1388 1807 1442 1852 ut
1479 1805 1547 1852 ita
1586 1803 1768 1868 dicam,
1820 1804 2069 1852 licentiam
2109 1802 2266 1851 vindi-

391 1904 505 1937 care
544 1888 793 1951 Euripidi,
845 1892 899 1937 ut
949 1905 1045 1938 non
1100 1890 1240 1952 quasi
1292 1889 1518 1952 putidum
1558 1890 1773 1953 aliquem
1814 1890 2146 1953 magistellum
2185 1904 2268 1937 ex-

391 1980 555 2023 actum
612 1990 869 2023 numerum
911 1973 1121 2024 matrum
1162 1991 1270 2024 eum
1312 1979 1626 2037 computasse
1667 1975 1986 2038 arbitremur,
2038 1973 2127 2023 sed
2168 1989 2266 2022 ser·

391 2076 535 2109 vasse
586 2076 782 2109 sacrum
833 2061 970 2108 illum
1025 2060 1166 2123 quasi
1217 2064 1263 2109 et
1315 2062 1565 2124 integrum
1614 2076 1875 2110 numerum
1915 2060 2269 2124 septenarium.

390 2146 602 2197 Omnino
654 2147 785 2194 illam
848 2146 1066 2195 fabulam
1131 2146 1498 2210 quodammodo
1563 2147 1886 2210 neglegenter
1945 2146 2268 2209 compositam

392 2249 501 2283 esse
541 2232 826 2281 etiamnunc
866 2233 1237 2296 cognoscimus;
1289 2234 1356 2282 ita
1395 2234 1489 2282 hoc
1527 2236 1662 2282 certe
1699 2232 1999 2282 laudandum
2039 2247 2137 2280 non
2178 2234 2268 2289 est,

392 2318 525 2381 quod
565 2318 785 2381 Capanei
832 2321 880 2366 et
916 2318 1154 2366 Euadnae
1195 2318 1325 2367 filius
1365 2322 1568 2367 matrem
1610 2333 1748 2367 suam
1787 2317 1837 2366 in
1876 2318 2038 2379 ignem
2078 2315 2269 2364 insilire

393 2405 591 2453 omnino
633 2420 734 2452 non
785 2403 982 2452 videtur
1031 2405 1217 2453 sentire
1269 2402 1472 2464 (filiolus
1510 2404 1590 2453 ille
1629 2406 1758 2453 enim
1797 2404 1928 2452 inter
1966 2417 2149 2464 pueros
2185 2401 2268 2450 ad-

392 2507 499 2540 esse
539 2491 837 2554 cogitandus
877 2488 987 2553 est),
1026 2491 1152 2539 sicut
1195 2494 1301 2540 tota
1340 2491 1428 2538 illa
1467 2490 1528 2539 de
1555 2489 1766 2538 Euadna
1806 2505 1986 2538 scaena
2027 2488 2268 2551 quodam·

394 2577 537 2626 modo
589 2577 819 2626 absoluta
857 2577 988 2625 inter
1026 2581 1216 2625 ceteras
1254 2577 1474 2626 actiones
1512 2576 1702 2625 haeret.
1776 2575 1920 2624 Adde
1960 2574 2094 2638 quod
2126 2573 2267 2637 pueri

394 2678 552 2726 paene
604 2663 750 2724 plane
799 2662 1163 2726 negleguntur,
1216 2678 1325 2710 cum
1365 2678 1410 2710 v.
1438 2663 1541 2712 954
1581 2676 1691 2710 cum
1730 2661 1944 2710 Adrasto
1985 2664 2034 2709 et
2071 2660 2268 2709 Theseo

395 2747 641 2797 decedant
697 2747 760 2796 ad
818 2763 990 2811 rogos,
1048 2748 1184 2796 nullo
1243 2763 1327 2796 eos
1383 2748 1605 2803 iubente;
1662 2746 1792 2796 adde
1849 2745 1984 2810 quod
2043 2745 2270 2794 Minerva

394 2851 439 2883 v.
470 2838 603 2885 1216
644 2835 962 2897 Aegialeum,
1012 2835 1215 2883 Adrasti
1265 2833 1439 2898 filium,
1489 2835 1787 2897 alloquitur,
1837 2848 1947 2881 cum
1994 2847 2054 2880 ex
2094 2847 2138 2879 V.
2168 2833 2266 2881 107

395 2925 527 2970 certe
556 2937 667 2970 eum
702 2921 956 2970 absentem
986 2935 1092 2970 esse
1122 2921 1532 2969 concluserimUS.
1595 2919 1741 2981 Quod
1771 2933 1889 2967 vero
1917 2917 2267 2980 gravissimum

395 3012 490 3055 est:
543 3007 770 3069 quamvis
809 2992 1074 3070 Euripides
1125 3009 1420 3069 sequeretur
1460 3005 1761 3054 Eleusiniam
1812 3004 1945 3052 illam
1985 2998 2267 3060 fabulam,3)

394 3109 456 3141 ex
507 3108 606 3155 qua
652 3095 840 3153 septem
880 3095 1054 3141 contra
1092 3092 1293 3141 Thebas
1332 3091 1487 3141 duces
1526 3091 1761 3139 Eleusine
1809 3089 2037 3138 iacebant
2074 3087 2269 3150 sepulti,

394 3185 558 3227 tamen
598 3194 696 3226 non
739 3194 889 3227 ausus
930 3183 1004 3227 est
1040 3179 1283 3227 illustrem
1321 3177 1468 3241 illam,
1506 3193 1652 3240 quam
1691 3175 1962 3239 Sophocles
1995 3174 2270 3235 invenerat,

395 3263 614 3312 fabulam
670 3264 732 3311 de
782 3265 1020 3325 Polynice
1070 3264 1131 3312 ab
1168 3264 1419 3326 Antigona
1472 3277 1643 3312 sorore
1692 3261 1889 3325 sepulto
1929 3263 2156 3309 evertere
2195 3273 2271 3321 eo,

540 3472 574 3527 1)
606 3469 798 3515 Praefat.
831 3471 888 3514 ad
919 3471 1077 3526 Suppl.
1110 3485 1155 3527 p.
1179 3470 1306 3517 XVI.

538 3542 575 3599 2)
606 3542 691 3586 Die
722 3541 958 3586 chorische
989 3542 1198 3587 Technik
1229 3542 1312 3587 des
1343 3540 1600 3598 Euripides,
1632 3538 1762 3583 Halle
1796 3541 1918 3594 1878,
1947 3551 1992 3594 p.
2015 3540 2063 3581 71
2094 3549 2194 3594 sqq.

538 3613 574 3672 ³)
606 3612 709 3659 Vid.
740 3612 930 3657 Pausan.
951 3613 986 3671 I,
1008 3617 1075 3659 39.
