2548 4218
433 312 534 359 266

434 466 674 499 summum
727 450 992 499 discrimen
1043 453 1266 512 vocatur,
1319 451 1450 514 ipsos
1502 451 1767 502 ostendere
1821 454 2184 516 spectatoribus
2222 453 2308 503 vix

434 537 596 586 omisit
647 535 929 599 Euripides.
1010 535 1107 586 Sed
1165 536 1378 586 certiora
1434 537 1495 586 de
1552 553 1721 586 eorum
1774 539 2001 602 partibus
2051 541 2155 588 erui
2208 556 2308 589 non

432 625 658 686 possunt.
732 623 807 670 De
847 625 1086 686 tempore,
1140 638 1239 686 quo
1292 622 1439 672 docta
1490 623 1555 672 sit
1605 624 1728 672 haec
1772 623 1962 686 fabula,
2011 625 2138 674 idem
2178 626 2311 675 valet

433 707 567 770 quod
607 706 668 755 de
708 706 932 770 Thyesta
971 707 1266 771 ceterisque,
1311 722 1441 770 quae
1478 708 1527 756 in
1567 722 1751 756 scaena
1789 708 1874 756 illa
1911 709 2308 759 Acharnensium

433 795 708 841 occurrunt
746 790 812 850 (v.
851 808 897 855 p.
923 789 1062 852 250).
1138 793 1366 843 Ceterum
1417 794 1698 855 argumenti
1752 797 1959 856 natura,
2014 794 2149 843 diras
2204 810 2309 843 mu·

431 878 602 926 lierum
657 877 956 941 cupiditates
1007 882 1155 941 atque
1207 879 1567 928 aemulationes
1619 878 1744 942 dieo,
1801 882 1856 928 ut
1893 878 2111 928 fabulam
2151 895 2308 943 prope

431 979 615 1012 annum
656 965 760 1014 430
798 979 1059 1027 ponamuS,
1097 963 1287 1012 suadet.

573 1078 632 1127 In
671 1074 824 1129 Aeolo
865 1094 1098 1141 puerum,
1136 1093 1350 1141 eumque
1388 1077 1628 1127 infantem
1670 1078 1815 1127 modo
1857 1081 2051 1142 natum,
2089 1065 2307 1128 Macarei

435 1167 484 1213 et
523 1164 747 1214 Canaces
783 1164 959 1227 filium,
1015 1164 1065 1213 in
1117 1180 1297 1214 scaena
1348 1165 1646 1228 apparuisse
1692 1164 1861 1214 fabula
1906 1166 2016 1228 ipsa
2053 1165 2307 1228 probatur,

435 1265 563 1313 quae
615 1250 757 1299 nobis
809 1251 870 1299 ab
910 1248 1091 1299 Ovidio
1138 1248 1317 1314 (Epist.
1344 1248 1432 1310 Xl)
1484 1253 1533 1299 et
1576 1251 1811 1300 Ps.—Plut.
1850 1249 2051 1311 (Parall.
2078 1251 2192 1300 min.
2219 1251 2307 1310 38)

430 1335 613 1384 tradita
652 1339 740 1385 est.
814 1337 913 1384 Pro
965 1340 1102 1385 certo
1155 1335 1285 1385 enim
1335 1335 1678 1400 accipiendum
1725 1340 1801 1386 est
1849 1340 2044 1399 poetam
2091 1352 2194 1386 rem
2240 1336 2310 1385 ita

431 1423 724 1483 instituisse,
774 1425 829 1471 ut
866 1422 1051 1471 Aeolus
1090 1426 1234 1485 pater
1274 1437 1439 1470 coram
1479 1423 1588 1485 ipso
1628 1421 1834 1485 infante,
1884 1422 1970 1484 qui
2010 1428 2117 1470 erat
2156 1422 2308 1471 totius

431 1507 632 1556 fabulae
672 1508 813 1571 quasi
855 1507 1023 1570 card0,
1062 1508 1304 1570 originem
1347 1508 1452 1556 eius
1491 1522 1553 1555 ex
1579 1506 1679 1555 filia
1706 1510 1992 1570 quaereret:
2030 1521 2149 1555 vere
2178 1507 2308 1556 enim

430 1594 525 1642 hoc
572 1593 916 1648 dramaticum;
963 1593 1191 1642 nimirum
1245 1593 1562 1642 simulacrum
1615 1592 1889 1641 secundum
1929 1607 2071 1641 usum
2111 1593 2307 1641 sollem-

429 1694 542 1727 nem
585 1679 632 1727 in
673 1694 906 1727 scaenam
947 1694 1038 1742 pro
1078 1678 1191 1728 vivo
1229 1678 1419 1727 infante
1458 1682 1773 1742 apportatum
1815 1683 1903 1727 est.

576 1793 740 1842 Simile
801 1797 875 1841 est
922 1787 1237 1855 Melanippae
1295 1787 1617 1856 philosophae
1681 1794 2050 1855 argumentum,
2102 1807 2202 1855 qua
2256 1792 2306 1841 in

430 1878 599 1927 fabula
652 1882 821 1928 notum
870 1882 947 1927 est
992 1879 1310 1942 Melanippae
1357 1878 1487 1928 filios
1535 1879 1789 1941 expositos
1839 1894 1868 1926 a
1918 1878 2199 1941 pastoribus
2237 1877 2309 1926 in-

429 1968 622 2027 ventos,
659 1963 722 2012 ad
762 1964 975 2013 Aeolum
1014 1980 1160 2013 avum
1216 1969 1509 2028 apportatos
1561 1964 1838 2027 matri-ipsi
1879 1963 2174 2012 cremandos
2211 1965 2310 2011 tra·

431 2050 561 2098 ditos
601 2065 731 2099 esse:
772 2065 892 2113 ergo
921 2051 969 2097 in
997 2064 1226 2098 scaenam
1256 2054 1402 2098 erant
1427 2049 1717 2112 inducendi,
1754 2049 1958 2113 etiamsi,
1996 2051 2050 2097 ut
2076 2047 2308 2109 infantes,

428 2136 708 2184 simulacris
758 2140 875 2184 sunt
926 2136 1301 2199 repraesentati.
1339 2162 1409 2166 —
1465 2137 1532 2185 Ut
1583 2140 1746 2184 autem
1799 2135 1988 2198 primae
2035 2135 2187 2183 aetati
2224 2133 2309 2182 ad·

429 2221 641 2270 scribam
695 2221 823 2270 hanc
861 2222 1222 2285 Melanippam,
1276 2221 1547 2274 Robertum
1595 2235 1813 2284 sequens
1864 2220 2091 2269 adducor
2141 2235 2200 2268 ea
2237 2235 2309 2283 re,

430 2307 565 2370 quod
604 2307 816 2366 fabulaS,
869 2323 1079 2371 quarum
1129 2310 1281 2370 caput
1320 2311 1395 2356 est
1441 2306 1502 2356 de
1541 2307 1691 2356 rebus
1730 2305 1958 2355 omnibus
1998 2305 2180 2354 divinis
2219 2305 2308 2353 hu-

430 2393 687 2454 manisque
726 2387 1037 2456 meditati0,1)
1077 2394 1215 2441 velut
1255 2392 1702 2456 Bellerophontem,
1740 2392 1900 2455 prima
1925 2393 2116 2439 tantum
2143 2392 2308 2440 aetate

429 2478 688 2542 scripsisse
727 2482 876 2541 poeta
913 2478 1125 2527 videtur.

572 2594 629 2642 In
667 2588 993 2644 Cretensibus
1020 2589 1286 2659 (Κρῆτες),
1325 2609 1473 2656 quam
1501 2595 1708 2656 propter
1742 2592 1996 2640 materiam
2033 2593 2309 2654 tractatam,

429 2693 646 2726 amorem
695 2678 938 2735 nefarium
992 2677 1117 2736 dico,
1171 2678 1328 2726 eidem
1383 2679 1534 2726 aetati
1573 2677 1930 2740 adiudicamus,
1972 2676 2307 2724 Minotaurum

430 2765 694 2826 parvulum
734 2764 782 2812 in
824 2780 1005 2813 scaena
1045 2767 1292 2813 ostentum
1333 2764 1487 2812 fuisse
1513 2763 1776 2811 verisimile
1806 2766 1894 2811 est.
1943 2763 2072 2811 Nam
2112 2765 2309 2810 constat

430 2852 631 2900 omnino
672 2852 937 2900 scelestum
977 2851 1258 2915 Pasiphaae
1309 2866 1417 2899 cum
1467 2854 1612 2898 tauro
1651 2849 1737 2897 illo
1777 2849 2032 2911 Neptunio
2072 2862 2306 2896 commer-

430 2937 557 2984 cium
611 2940 959 2998 argumentum
1011 2936 1302 2998 tragoediae
1353 2934 1519 2984 fuisse.
1600 2934 1837 2984 Scaeuam
1890 2934 2151 2995 tragicam,
2206 2947 2306 2995 qua.

429 3025 727 3084 apportatur
769 3023 1083 3071 Minotaurus
1120 3022 1381 3085 parvulus,
1417 3022 1466 3068 iu
1506 3019 1756 3068 nonnullis
1798 3019 1934 3066 cistis
1961 3017 2187 3066 Etruscis
2226 3032 2306 3065 ex-

428 3122 649 3170 pressam
704 3108 1035 3156 ostenderunt
1073 3106 1411 3166 O.1ahnius2)
1460 3111 1509 3154 et
1547 3105 1605 3155 G.
1631 3101 1941 3161 Koe1·tius.3).
2016 3103 2192 3165 Itaque
2233 3103 2304 3150 vi-

430 3191 577 3240 detur
626 3194 944 3241 simulacrum
1002 3193 1050 3240 in
1103 3193 1316 3255 speciem
1371 3191 1574 3240 infantis
1621 3195 1772 3252 caput
1810 3189 2047 3237 bubulum
2088 3186 2306 3251 gerentis

429 3277 692 3327 formatum
747 3279 795 3326 in
834 3294 1063 3327 scaenam
1105 3278 1363 3327 inductum
1405 3292 1526 3326 esse.
1601 3274 1745 3336 Quod
1786 3275 1983 3323 minime
2023 3271 2302 3322 mirandum

575 3486 609 3544 ¹)
641 3485 696 3531 cf.
730 3486 815 3542 srg.
833 3490 929 3542 484,
961 3491 1161 3532 ceterum
1194 3488 1285 3532 vid.
1311 3489 1367 3532 R.
1385 3486 1605 3543 Wiinsch‚
1637 3486 1750 3530 Mus.
1773 3485 1916 3529 Rhen.
1944 3483 2107 3539 XLIX,
2129 3486 2180 3528 91
2200 3495 2300 3539 sqq.

572 3561 609 3615 2)
640 3559 775 3603 Arch.
797 3559 938 3605 Beitr.
968 3574 1011 3616 p.
1031 3564 1128 3617 240,
1146 3565 1186 3605 9.

572 3632 610 3686 ³)
642 3630 815 3675 Histor.
849 3644 893 3675 u.
923 3630 1079 3687 philol.
1100 3630 1339 3687 Aufsiitze‚
1371 3630 1601 3687 Festgabe
1631 3642 1689 3674 an
1719 3629 1771 3673 E.
1789 3628 1985 3684 Curtius,
2017 3631 2055 3672 2.
2072 3626 2153 3671 IX.
2179 3629 2302 3670 1884.
